1774 2898
425 217 710 269 MARCUS
757 212 1066 266 TULLIUS
1112 209 1369 262 eleeto

154 352 327 403 iudicii
372 350 756 412 testimoniique
803 347 962 393 nostri
1021 339 1299 393 tribuenda
1355 338 1520 391 Brub
1562 342 1658 389 eub-

67 440 123 480 36
153 431 319 492 Quam
354 430 420 477 ob
457 444 561 476 rem
599 425 677 474 his
711 424 893 482 verbis,
923 428 1095 487 patre·
1129 420 1423 486 conscripti,
1451 421 1663 469 „natm

153 507 440 558 consultum
466 502 756 553 faciendum
779 516 979 550 censeo.

226 587 403 634 “Cum
454 584 515 633 D.
568 582 754 630 Brutus
795 583 1089 645 imperator,
1135 573 1311 626 consul
1346 572 1664 643 designatum,

158 666 465 731 provinciam
508 660 727 709 Galliam
774 661 827 707 in
875 664 1083 707 senatus
1125 654 1404 721 populique
1451 652 1666 705 Rom-ni

158 748 414 808 potestate
460 745 656 798 teneat,
713 752 933 802 cumque
979 738 1262 784 exercitum
1309 738 1514 784 tantum
1559 737 1666 783 tun

158 823 298 870 brevi
332 826 565 883 tempore
599 831 799 866 summo
831 813 1003 864 studio
1036 815 1429 877 municipiorum
1448 808 1670 861 colonia·

163 914 374 964 rumque
417 898 705 961 provinciae
753 892 951 942 Galliae
1004 895 1199 956 optime
1244 889 1316 939 de
1364 903 1422 940 re
1466 886 1671 957 publicu

160 981 373 1026 meritae
388 977 734 1038 merentisque
752 973 1124 1035 conscripserit,
1141 971 1464 1034 compararit,
1480 965 1534 1017 id
1549 978 1671 1017 eum

165 1062 305 1104 recte
340 1060 396 1102 et
430 1052 608 1101 ordine
650 1066 815 1116 exque
851 1065 906 1098 re
943 1047 1144 1114 publica
1179 1047 1381 1108 secisse,
1412 1044 1571 1112 idque
1605 1042 1670 1095 D.

167 1134 310 1182 Bruti
352 1132 842 1197 praestantissimum
883 1130 1123 1177 meritum
1170 1128 1224 1175 ln
1269 1140 1380 1176 rem
1418 1122 1674 1191 publicam

164 1213 364 1260 senatui
414 1208 703 1274 populoque
767 1206 993 1254 Romano
1035 1211 1242 1271 gratum
1288 1218 1403 1256 enne
1446 1208 1506 1255 et
1548 1200 1673 1259 sore·

169 1290 348 1354 Itaque
383 1294 617 1336 senatum
668 1284 1014 1350 populumque
1065 1284 1349 1332 Romanum
1384 1283 1677 1333 existimare

171 1367 235 1419 D.
297 1366 440 1414 Bruti
497 1367 835 1429 imperatoris,
894 1361 1115 1410 consulis
1172 1361 1451 1426 designati,
1505 1374 1678 1426 opera,

166 1444 392 1502 consilio,
439 1446 629 1491 virtute
677 1441 1067 1506 incredibilique
1106 1439 1279 1489 studio
1327 1446 1386 1490 et
1428 1452 1677 1489 contem

167 1526 452 1588 provinciae
489 1520 686 1569 Galliae
722 1523 794 1568 rei
831 1518 1064 1584 publicae
1099 1516 1416 1568 difficillumo
1448 1523 1682 1583 tempore

167 1616 279 1651 esse
298 1597 659 1649 subventum.”

83 1688 139 1730 37
246 1679 381 1726 Huic
404 1684 551 1726 tanto
574 1680 758 1725 merito
787 1677 959 1734 Bruto,
992 1682 1164 1741 patres
1186 1676 1481 1742 conscripti,
1513 1678 1684 1724 tanto-

172 1773 272 1822 que
298 1760 349 1803 in
374 1773 480 1804 rem
506 1754 760 1820 publicam
793 1754 1042 1803 beneficio
1064 1756 1180 1819 quis
1203 1760 1286 1803 est
1316 1759 1495 1804 tantun
1521 1750 1686 1803 hono·

173 1838 260 1899 qui
296 1851 398 1882 non
433 1833 719 1881 debeatur?
792 1833 939 1891 Nam,
974 1835 1016 1881 si
1055 1832 1126 1881 M.
1164 1832 1397 1882 Antonio
1434 1833 1688 1898 patuisset

176 1912 360 1972 Gallia,
383 1915 422 1959 si
446 1915 698 1975 oppressis
723 1914 1011 1975 municipiis
1035 1917 1090 1959 et
1113 1909 1325 1959 coloniis
1347 1912 1610 1976 imparatis
1631 1910 1686 1958 ln

175 1990 313 2038 illam
351 1989 582 2037 ultimam
608 1989 825 2036 Galliam
862 1995 1135 2053 penetrare
1164 1992 1435 2053 potuisset,
1465 1993 1689 2055 quantun

177 2071 251 2117 rei
284 2067 518 2132 publicae
554 2075 718 2115 terror
754 2066 1118 2131 impenderet?
1190 2066 1484 2128 Dubitaret,
1517 2063 1689 2127 credo,

177 2146 331 2194 homo
397 2150 774 2194 amentissimus
831 2154 987 2210 alque
1051 2149 1103 2193 in
1162 2144 1400 2195 omnibus
1467 2144 1691 2195 consiliis

178 2239 422 2289 praeceps
446 2230 502 2271 et
524 2222 701 2271 devius
733 2240 833 2270 non
868 2223 1029 2271 solum
1062 2240 1178 2272 cum
1204 2226 1433 2275 exercitu
1457 2239 1568 2284 suo,
1596 2221 1690 2275 ned

180 2306 335 2350 etiam
360 2318 474 2349 cum
497 2306 634 2349 omni
659 2306 980 2351 immanitate
1000 2302 1260 2351 barbariae
1284 2301 1477 2352 bellum
1500 2300 1691 2352 inferre

178 2381 344 2440 nobis,
366 2386 425 2428 ut
446 2384 555 2427 eius
578 2380 798 2427 furorem
824 2396 892 2428 ne
918 2379 1130 2444 Alpium
1153 2379 1364 2446 quidem
1383 2396 1533 2430 muro
1552 2379 1693 2430 cohi·

181 2459 304 2506 bere
338 2473 612 2522 possemus.
689 2458 834 2505 Haec
870 2462 1027 2521 igitur
1050 2457 1287 2506 habenda
1309 2462 1476 2523 gratia
1507 2465 1591 2508 eut
1624 2457 1690 2508 D.

183 2535 360 2594 Bruto,
374 2538 462 2600 qui
474 2535 618 2583 illum
637 2535 864 2583 nondum
880 2540 1183 2602 interposita
1200 2540 1507 2586 auctoritate
1525 2539 1694 2588 veum

188 2683 283 2729 29²
