1826 2892
461 182 741 234 MARCUS
786 174 1093 229 TULLIUS
1138 172 1393 225 CICERO

194 321 366 378 habet,
386 318 605 366 breviter
628 326 894 377 exponam.
962 308 1091 357 Cum
1129 304 1454 356 Brundisium
1477 305 1680 369 iterque

194 393 336 451 illud,
360 390 491 457 quod
526 392 701 437 tritum
736 390 788 433 in
824 383 1088 432 Graeciam
1123 386 1219 439 est,
1252 395 1355 428 non
1387 380 1499 428 sine
1530 375 1680 427 cauta

198 470 496 523 vitavissem,
524 461 764 510 Kalendis
787 457 1065 508 Sextilibus
1090 458 1204 504 veni
1230 453 1519 520 Syracusae,
1541 447 1678 519 quod

193 543 257 589 ab
302 557 361 589 ea
406 540 529 587 urbe
570 537 879 585 transmissio
924 536 975 581 in
1026 531 1292 581 Graeciam
1348 526 1679 586 laudabatur-3

194 632 320 681 quae
351 622 522 663 tamen
555 612 672 660 urbs
705 608 829 658 mihi
864 608 1278 657 coniunctissima
1311 602 1427 670 plu·
1460 618 1564 656 una
1595 617 1678 652 me

194 696 343 738 nocte
365 691 573 752 cupiens
597 689 816 735 retinere
840 699 942 732 non
966 684 1153 748 potuit.
1181 729 1183 731 a
1224 671 1433 730 Veritua
1457 692 1592 744 num,
1611 691 1678 727 ne

194 780 336 812 meus
362 765 657 827 repentinus
678 759 743 808 ad
767 774 908 808 meos
941 756 1252 807 necessariae
1284 752 1540 812 adventu·
1570 767 1680 812 m

194 841 399 903 picionis
421 836 610 901 aliquid
631 834 871 892 adferret,
895 836 936 881 si
961 848 1125 882 essem
1147 834 1503 881 oemmontm.
1549 826 1679 880 Qu

192 921 363 962 autem
406 929 489 960 me
535 927 598 959 ex
643 909 813 959 Sicilia
856 907 919 956 ad
969 907 1359 972 Leucopetram,
1404 900 1545 971 qued
1595 908 1680 954 eat

195 989 592 1052 promunturium
618 988 723 1049 agri
765 984 963 1047 Regini,
986 985 1126 1031 venti
1162 978 1494 1039 detuliaaent,
1512 977 1584 1028 ab
1614 993 1680 1028 eo

193 1064 301 1111 loco
337 1062 621 1119 conscendi,
658 1068 717 1109 ut
756 1063 1173 1118 transmitterem,
1209 1070 1308 1107 nec
1341 1059 1418 1106 ita
1454 1054 1677 1107 multum

193 1146 456 1205 provectus
479 1141 697 1187 reiectus
720 1144 890 1186 austro
925 1153 1035 1185 sum
1069 1138 1123 1183 in
1160 1149 1278 1183 eum
1301 1134 1468 1200 ipsum
1491 1130 1677 1195 locum,

145 1224 170 1264 8
197 1215 330 1264 unde
352 1214 756 1264 conscenderam.
828 1212 1055 1279 Cumque
1079 1214 1392 1277 intempesta
1414 1220 1517 1260 nox
1539 1215 1678 1275 αεὶ

191 1294 581 1356 mansissemque
604 1294 656 1338 in
681 1289 798 1338 villa
825 1288 875 1337 P.
904 1288 1090 1348 Valeri,
1114 1289 1315 1337 comitia
1337 1291 1395 1339 et
1416 1272 1679 1341 familiarii

190 1371 307 1428 mei,
340 1367 680 1431 postridieque
716 1365 851 1431 apud
887 1364 1110 1415 eundem
1147 1370 1361 1414 ventum
1397 1369 1679 1430 expectant

189 1460 463 1502 manerem,
485 1447 764 1507 municipes
802 1443 982 1507 Regini
1016 1440 1303 1507 complure·
1324 1439 1390 1491 ad
1415 1456 1500 1491 me
1523 1455 1676 1493 vene·

187 1527 317 1577 runt,
340 1536 402 1567 ex
425 1523 485 1567 iis
507 1519 712 1583 quidam
738 1519 894 1567 Roma
916 1525 1183 1576 recentem
1206 1535 1238 1566 a
1253 1517 1440 1584 quibua
1456 1520 1677 1583 primum

189 1598 377 1659 accipio
403 1595 472 1647 M.
499 1596 690 1644 Antoni
713 1600 1022 1655 contionem,
1045 1610 1176 1661 quae
1207 1593 1334 1643 mihi
1370 1597 1446 1644 ita
1465 1592 1677 1660 placuit,

189 1678 248 1719 ut
270 1687 330 1719 ea
351 1672 484 1719 lecta
506 1672 572 1720 de
597 1676 880 1720 reversione
904 1675 1122 1737 primum
1152 1673 1411 1737 coeperim
1432 1673 1672 1737 cogitare.

191 1747 299 1795 Nec
321 1751 392 1795 ita
414 1747 575 1796 multo
601 1754 715 1812 post
739 1748 963 1797 edictum
990 1748 1133 1796 Bruti
1167 1747 1401 1797 adfertur
1433 1753 1491 1798 et
1519 1746 1676 1811 Canai,

188 1823 323 1887 quod
347 1823 550 1887 quidem
574 1823 715 1883 mihi,
738 1824 950 1873 fortasse
985 1823 1123 1890 quod
1157 1840 1246 1873 eos
1281 1822 1397 1890 plua
1419 1826 1578 1875 etiam
1601 1829 1675 1877 rei

187 1899 416 1962 publicae
458 1917 608 1963 quam
644 1900 999 1950 familiaritatis
1044 1904 1208 1965 gratia
1248 1900 1427 1967 diligo,
1462 1900 1676 1968 plenum

185 1978 454 2038 aequitatis
477 1976 755 2028 videbatur.
827 1977 1107 2026 Addebant
1142 1984 1410 2043 praeterea
1430 1977 1516 2046 (fit
1536 1982 1675 2033 enim

187 2049 499 2114 plerumque,
543 2059 602 2099 ut
656 2055 709 2112 ii,
754 2056 839 2117 qui
888 2054 1007 2102 boni
1053 2053 1176 2119 quid
1230 2054 1411 2104 volunt
1453 2054 1676 2118 adfem,

186 2125 445 2189 adfingant
488 2127 694 2192 aliquid,
739 2145 839 2193 quo
887 2129 1076 2179 faciant
1120 2130 1191 2189 id,
1231 2130 1368 2197 quod
1414 2135 1675 2195 nuntiant,

185 2200 391 2267 laetius)
425 2219 533 2250 rem
570 2212 961 2263 conventuram;
1012 2207 1256 2256 Kalendis
1291 2215 1529 2258 senatum
1573 2208 1676 2261 fre-

186 2284 431 2341 quentem
453 2278 591 2335 fore3
627 2279 906 2328 Antonium
931 2283 1208 2346 repudiatis
1226 2284 1373 2334 malis
1389 2287 1675 2337 suasos-Ibus

185 2357 404 2401 remissis
439 2358 704 2417 provinciis
746 2355 923 2405 Galliis
962 2358 1026 2406 ad
1066 2364 1425 2411 auctoritatem
1464 2368 1675 2414 senatu!

149 2438 152 2441 '
187 2444 297 2476 esse
321 2429 616 2481 rediturum.

498 2570 515 2596 ¹
547 2573 768 2615 Antonius
787 2575 875 2616 had
893 2575 993 2617 four
1011 2576 1179 2633 legion·
1198 2581 1338 2622 there.

186 2629 249 2677 26
