<?xml version="1.0" encoding="UTF-8"?>
<!DOCTYPE html PUBLIC "-//W3C//DTD XHTML 1.0 Transitional//EN"
    "http://www.w3.org/TR/xhtml1/DTD/xhtml1-transitional.dtd">
<html xmlns="http://www.w3.org/1999/xhtml" xml:lang="en" lang="en">
 <head>
  <title>
</title>
<meta http-equiv="Content-Type" content="text/html;charset=utf-8" />
  <meta name='ocr-system' content='tesseract 3.04.00' />
  <meta name='ocr-capabilities' content='ocr_page ocr_carea ocr_par ocr_line ocrx_word'/>
</head>
<body>
  <div class='ocr_page' id='page_1' title='image "./philippics00ciceuoft_0068.png"; bbox 0 0 1826 2892; ppageno 0'>
   <div class='ocr_carea' id='block_1_1' title="bbox 487 211 1422 273">
    <p class='ocr_par' dir='ltr' id='par_1_1' title="bbox 487 211 1422 273">
     <span class='ocr_line' id='line_1_1' title="bbox 487 211 1422 273; baseline -0.013 1"><span class='ocrx_word' id='word_1_1' title='bbox 487 222 768 273; x_wconf 84' lang='lat' dir='ltr'><strong>MARCUS</strong></span> <span class='ocrx_word' id='word_1_2' title='bbox 814 216 1120 269; x_wconf 84' lang='lat' dir='ltr'>TULLIUS</span> <span class='ocrx_word' id='word_1_3' title='bbox 1167 211 1422 264; x_wconf 72' lang='lat' dir='ltr'>CICERO</span> 
     </span>
    </p>
   </div>
   <div class='ocr_carea' id='block_1_2' title="bbox 151 341 1732 2358">
    <p class='ocr_par' dir='ltr' id='par_1_2' title="bbox 151 341 1732 2358">
     <span class='ocr_line' id='line_1_2' title="bbox 221 341 1713 416; baseline -0.012 -8"><span class='ocrx_word' id='word_1_4' title='bbox 221 359 511 408; x_wconf 80' lang='lat' dir='ltr'><strong>fortissimos</strong></span> <span class='ocrx_word' id='word_1_5' title='bbox 546 355 855 411; x_wconf 85' lang='lat' dir='ltr'><strong>videbamur,</strong></span> <span class='ocrx_word' id='word_1_6' title='bbox 889 353 1022 416; x_wconf 84' lang='lat' dir='ltr'><strong>quia,</strong></span> <span class='ocrx_word' id='word_1_7' title='bbox 1058 354 1115 396; x_wconf 87' lang='lat' dir='ltr'><strong>ut</strong></span> <span class='ocrx_word' id='word_1_8' title='bbox 1146 346 1220 396; x_wconf 87' lang='lat' dir='ltr'><strong>illi</strong></span> <span class='ocrx_word' id='word_1_9' title='bbox 1254 344 1541 405; x_wconf 65' lang='lat' dir='ltr'><strong>voluerant,</strong></span> <span class='ocrx_word' id='word_1_10' title='bbox 1561 341 1713 392; x_wconf 71' lang='lat' dir='ltr'><strong>liber·</strong></span> 
     </span>
     <span class='ocr_line' id='line_1_3' title="bbox 221 417 1717 495; baseline -0.011 -13"><span class='ocrx_word' id='word_1_11' title='bbox 221 440 380 482; x_wconf 79' lang='lat' dir='ltr'><strong>tatem</strong></span> <span class='ocrx_word' id='word_1_12' title='bbox 418 447 515 495; x_wconf 86' lang='lat' dir='ltr'><strong>pax</strong></span> <span class='ocrx_word' id='word_1_13' title='bbox 551 427 964 492; x_wconf 76' lang='lat' dir='ltr'><strong>consequebatur.</strong></span> <span class='ocrx_word' id='word_1_14' title='bbox 1041 422 1288 479; x_wconf 80' lang='lat' dir='ltr'><strong>Proximo,</strong></span> <span class='ocrx_word' id='word_1_15' title='bbox 1323 417 1505 478; x_wconf 67' lang='lat' dir='ltr'><strong>altero,</strong></span> <span class='ocrx_word' id='word_1_16' title='bbox 1539 417 1717 477; x_wconf 53' lang='lat' dir='ltr'><em>W</em></span> 
     </span>
     <span class='ocr_line' id='line_1_4' title="bbox 221 489 1719 571; baseline -0.011 -15"><span class='ocrx_word' id='word_1_17' title='bbox 221 508 439 571; x_wconf 89' lang='lat' dir='ltr'><strong>denique</strong></span> <span class='ocrx_word' id='word_1_18' title='bbox 463 505 668 569; x_wconf 90' lang='lat' dir='ltr'><strong>reliquis</strong></span> <span class='ocrx_word' id='word_1_19' title='bbox 691 502 974 550; x_wconf 81' lang='lat' dir='ltr'><strong>consecutis</strong></span> <span class='ocrx_word' id='word_1_20' title='bbox 997 497 1177 545; x_wconf 82' lang='lat' dir='ltr'><strong>diebus</strong></span> <span class='ocrx_word' id='word_1_21' title='bbox 1209 510 1312 543; x_wconf 88' lang='lat' dir='ltr'><strong>non</strong></span> <span class='ocrx_word' id='word_1_22' title='bbox 1335 489 1719 543; x_wconf 60' lang='lat' dir='ltr'><strong>intertum</strong></span> 
     </span>
     <span class='ocr_line' id='line_1_5' title="bbox 221 566 1719 647; baseline -0.01 -17"><span class='ocrx_word' id='word_1_23' title='bbox 221 584 361 647; x_wconf 86' lang='lat' dir='ltr'><strong>quasi</strong></span> <span class='ocrx_word' id='word_1_24' title='bbox 374 581 562 629; x_wconf 91' lang='lat' dir='ltr'><strong>donum</strong></span> <span class='ocrx_word' id='word_1_25' title='bbox 575 575 776 642; x_wconf 78' lang='lat' dir='ltr'><strong>aliquod</strong></span> <span class='ocrx_word' id='word_1_26' title='bbox 792 574 979 623; x_wconf 80' lang='lat' dir='ltr'><strong>cotidie</strong></span> <span class='ocrx_word' id='word_1_27' title='bbox 993 571 1192 620; x_wconf 77' lang='lat' dir='ltr'><strong>adferre</strong></span> <span class='ocrx_word' id='word_1_28' title='bbox 1207 566 1547 635; x_wconf 71' lang='lat' dir='ltr'><strong>reipublicae,</strong></span> <span class='ocrx_word' id='word_1_29' title='bbox 1560 566 1719 616; x_wconf 66' lang='lat' dir='ltr'><strong>maxi·</strong></span> 
     </span>
     <span class='ocr_line' id='line_1_6' title="bbox 223 638 1717 715; baseline -0.009 -11"><span class='ocrx_word' id='word_1_30' title='bbox 223 673 360 704; x_wconf 89' lang='lat' dir='ltr'><strong>mum</strong></span> <span class='ocrx_word' id='word_1_31' title='bbox 394 661 565 703; x_wconf 84' lang='lat' dir='ltr'><strong>autem</strong></span> <span class='ocrx_word' id='word_1_32' title='bbox 589 650 731 709; x_wconf 90' lang='lat' dir='ltr'><strong>illud,</strong></span> <span class='ocrx_word' id='word_1_33' title='bbox 762 648 898 715; x_wconf 90' lang='lat' dir='ltr'><strong>quod</strong></span> <span class='ocrx_word' id='word_1_34' title='bbox 922 647 1205 696; x_wconf 71' lang='lat' dir='ltr'><strong>dictaturae</strong></span> <span class='ocrx_word' id='word_1_35' title='bbox 1227 658 1420 694; x_wconf 84' lang='lat' dir='ltr'><strong>nomen</strong></span> <span class='ocrx_word' id='word_1_36' title='bbox 1450 638 1717 706; x_wconf 61' lang='lat' dir='ltr'><strong>maulim.</strong></span> 
     </span>
     <span class='ocr_line' id='line_1_7' title="bbox 227 715 1720 786; baseline -0.009 -7"><span class='ocrx_word' id='word_1_37' title='bbox 227 731 370 778; x_wconf 83' lang='lat' dir='ltr'><strong>Haec</strong></span> <span class='ocrx_word' id='word_1_38' title='bbox 396 733 563 777; x_wconf 86' lang='lat' dir='ltr'><strong>inusta</strong></span> <span class='ocrx_word' id='word_1_39' title='bbox 593 733 673 776; x_wconf 92' lang='lat' dir='ltr'><strong>est</strong></span> <span class='ocrx_word' id='word_1_40' title='bbox 702 742 733 773; x_wconf 89' lang='lat' dir='ltr'><strong>a</strong></span> <span class='ocrx_word' id='word_1_41' title='bbox 764 732 835 784; x_wconf 88' lang='lat' dir='ltr'><strong>te,</strong></span> <span class='ocrx_word' id='word_1_42' title='bbox 866 741 896 771; x_wconf 82' lang='lat' dir='ltr'><strong>a</strong></span> <span class='ocrx_word' id='word_1_43' title='bbox 925 729 999 782; x_wconf 86' lang='lat' dir='ltr'><strong>te,</strong></span> <span class='ocrx_word' id='word_1_44' title='bbox 1029 725 1252 786; x_wconf 80' lang='lat' dir='ltr'><strong>inquam,</strong></span> <span class='ocrx_word' id='word_1_45' title='bbox 1285 723 1490 769; x_wconf 75' lang='lat' dir='ltr'><strong>mortuo</strong></span> <span class='ocrx_word' id='word_1_46' title='bbox 1519 715 1720 767; x_wconf 64' lang='lat' dir='ltr'><strong>&amp;en-d</strong></span> 
     </span>
     <span class='ocr_line' id='line_1_8' title="bbox 224 793 1723 867; baseline -0.006 -15"><span class='ocrx_word' id='word_1_47' title='bbox 224 811 343 853; x_wconf 83' lang='lat' dir='ltr'><strong>nota</strong></span> <span class='ocrx_word' id='word_1_48' title='bbox 365 803 431 854; x_wconf 83' lang='lat' dir='ltr'><strong>ad</strong></span> <span class='ocrx_word' id='word_1_49' title='bbox 453 804 779 867; x_wconf 82' lang='lat' dir='ltr'><strong>ignominiam</strong></span> <span class='ocrx_word' id='word_1_50' title='bbox 803 801 1181 862; x_wconf 82' lang='lat' dir='ltr'><strong>sempiternam.</strong></span> <span class='ocrx_word' id='word_1_51' title='bbox 1256 793 1331 844; x_wconf 80' lang='lat' dir='ltr'><strong>Ut</strong></span> <span class='ocrx_word' id='word_1_52' title='bbox 1353 794 1492 844; x_wconf 74' lang='lat' dir='ltr'><strong>euim</strong></span> <span class='ocrx_word' id='word_1_53' title='bbox 1510 795 1723 860; x_wconf 58' lang='grc' dir='ltr'><strong>μωρία</strong></span> 
     </span>
     <span class='ocr_line' id='line_1_9' title="bbox 226 865 1722 934; baseline -0.007 -7"><span class='ocrx_word' id='word_1_54' title='bbox 226 883 371 927; x_wconf 87' lang='lat' dir='ltr'><strong>unius</strong></span> <span class='ocrx_word' id='word_1_55' title='bbox 398 878 466 928; x_wconf 90' lang='lat' dir='ltr'><strong>M.</strong></span> <span class='ocrx_word' id='word_1_56' title='bbox 496 875 653 925; x_wconf 89' lang='lat' dir='ltr'><strong>Manli</strong></span> <span class='ocrx_word' id='word_1_57' title='bbox 677 874 840 924; x_wconf 88' lang='lat' dir='ltr'><strong>scelus</strong></span> <span class='ocrx_word' id='word_1_58' title='bbox 871 872 1082 922; x_wconf 81' lang='lat' dir='ltr'><strong>decreto</strong></span> <span class='ocrx_word' id='word_1_59' title='bbox 1116 872 1288 934; x_wconf 74' lang='lat' dir='ltr'><strong>gentis</strong></span> <span class='ocrx_word' id='word_1_60' title='bbox 1321 865 1547 919; x_wconf 63' lang='lat' dir='ltr'><strong>Manliae</strong></span> <span class='ocrx_word' id='word_1_61' title='bbox 1577 881 1722 918; x_wconf 62' lang='lat' dir='ltr'><strong>nun·</strong></span> 
     </span>
     <span class='ocr_line' id='line_1_10' title="bbox 227 941 1723 1017; baseline -0.007 -15"><span class='ocrx_word' id='word_1_62' title='bbox 227 957 363 1002; x_wconf 92' lang='lat' dir='ltr'><strong>inem</strong></span> <span class='ocrx_word' id='word_1_63' title='bbox 410 955 672 1017; x_wconf 84' lang='lat' dir='ltr'><strong>patricium</strong></span> <span class='ocrx_word' id='word_1_64' title='bbox 714 948 960 997; x_wconf 83' lang='lat' dir='ltr'><strong>Manlium</strong></span> <span class='ocrx_word' id='word_1_65' title='bbox 1000 946 1231 995; x_wconf 81' lang='lat' dir='ltr'><strong>Marcum</strong></span> <span class='ocrx_word' id='word_1_66' title='bbox 1269 946 1435 994; x_wconf 66' lang='lat' dir='ltr'><strong>vocari</strong></span> <span class='ocrx_word' id='word_1_67' title='bbox 1467 941 1611 1003; x_wconf 72' lang='lat' dir='ltr'><strong>lieet,</strong></span> <span class='ocrx_word' id='word_1_68' title='bbox 1648 943 1723 992; x_wconf 71' lang='lat' dir='ltr'><strong>de</strong></span> 
     </span>
     <span class='ocr_line' id='line_1_11' title="bbox 226 1016 1725 1091; baseline -0.007 -14"><span class='ocrx_word' id='word_1_69' title='bbox 226 1034 283 1076; x_wconf 87' lang='lat' dir='ltr'><strong>tu</strong></span> <span class='ocrx_word' id='word_1_70' title='bbox 320 1034 526 1091; x_wconf 84' lang='lat' dir='ltr'><strong>propter</strong></span> <span class='ocrx_word' id='word_1_71' title='bbox 558 1029 702 1074; x_wconf 89' lang='lat' dir='ltr'><strong>unius</strong></span> <span class='ocrx_word' id='word_1_72' title='bbox 734 1024 995 1071; x_wconf 79' lang='lat' dir='ltr'><strong>dictatoris</strong></span> <span class='ocrx_word' id='word_1_73' title='bbox 1025 1020 1199 1070; x_wconf 87' lang='lat' dir='ltr'><strong>odium</strong></span> <span class='ocrx_word' id='word_1_74' title='bbox 1234 1035 1424 1069; x_wconf 78' lang='lat' dir='ltr'><strong>nomen</strong></span> <span class='ocrx_word' id='word_1_75' title='bbox 1458 1016 1725 1069; x_wconf 66' lang='lat' dir='ltr'><strong>dictatorio</strong></span> 
     </span>
     <span class='ocr_line' id='line_1_12' title="bbox 228 1091 1724 1160; baseline -0.006 -9"><span class='ocrx_word' id='word_1_76' title='bbox 228 1102 454 1150; x_wconf 88' lang='lat' dir='ltr'><strong>funditus</strong></span> <span class='ocrx_word' id='word_1_77' title='bbox 493 1100 751 1149; x_wconf 86' lang='lat' dir='ltr'><strong>sustulisti.</strong></span> <span class='ocrx_word' id='word_1_78' title='bbox 825 1098 959 1146; x_wconf 86' lang='lat' dir='ltr'><strong>Num</strong></span> <span class='ocrx_word' id='word_1_79' title='bbox 1003 1103 1074 1155; x_wconf 86' lang='lat' dir='ltr'><strong>te,</strong></span> <span class='ocrx_word' id='word_1_80' title='bbox 1113 1112 1231 1144; x_wconf 85' lang='lat' dir='ltr'><strong>cum</strong></span> <span class='ocrx_word' id='word_1_81' title='bbox 1268 1094 1396 1144; x_wconf 76' lang='lat' dir='ltr'><strong>haee</strong></span> <span class='ocrx_word' id='word_1_82' title='bbox 1431 1109 1523 1160; x_wconf 70' lang='lat' dir='ltr'><strong>pro</strong></span> <span class='ocrx_word' id='word_1_83' title='bbox 1556 1091 1724 1143; x_wconf 65' lang='lat' dir='ltr'><strong>alote</strong></span> 
     </span>
     <span class='ocr_line' id='line_1_13' title="bbox 151 1170 1723 1241; baseline -0.004 -16"><span class='ocrx_word' id='word_1_84' title='bbox 151 1185 203 1226; x_wconf 87' lang='lat'><strong>33</strong></span> <span class='ocrx_word' id='word_1_85' title='bbox 234 1181 305 1225; x_wconf 89' lang='lat' dir='ltr'><strong>rei</strong></span> <span class='ocrx_word' id='word_1_86' title='bbox 360 1176 590 1241; x_wconf 82' lang='lat' dir='ltr'><strong>publicae</strong></span> <span class='ocrx_word' id='word_1_87' title='bbox 646 1181 791 1223; x_wconf 82' lang='lat' dir='ltr'><strong>tanta</strong></span> <span class='ocrx_word' id='word_1_88' title='bbox 845 1175 1101 1236; x_wconf 73' lang='lat' dir='ltr'><strong>gessisses,</strong></span> <span class='ocrx_word' id='word_1_89' title='bbox 1143 1170 1379 1220; x_wconf 76' lang='lat' dir='ltr'><strong>fortunae</strong></span> <span class='ocrx_word' id='word_1_90' title='bbox 1419 1174 1558 1229; x_wconf 79' lang='lat' dir='ltr'><strong>tuae,</strong></span> <span class='ocrx_word' id='word_1_91' title='bbox 1597 1181 1723 1219; x_wconf 73' lang='lat' dir='ltr'><strong>nun</strong></span> 
     </span>
     <span class='ocr_line' id='line_1_14' title="bbox 229 1244 1725 1315; baseline -0.004 -16"><span class='ocrx_word' id='word_1_92' title='bbox 229 1250 591 1315; x_wconf 84' lang='lat' dir='ltr'><strong>amplitudinis,</strong></span> <span class='ocrx_word' id='word_1_93' title='bbox 627 1266 748 1297; x_wconf 90' lang='lat' dir='ltr'><strong>num</strong></span> <span class='ocrx_word' id='word_1_94' title='bbox 797 1248 1056 1305; x_wconf 72' lang='lat' dir='ltr'><strong>claritatiS,</strong></span> <span class='ocrx_word' id='word_1_95' title='bbox 1093 1262 1216 1294; x_wconf 85' lang='lat' dir='ltr'><strong>num</strong></span> <span class='ocrx_word' id='word_1_96' title='bbox 1257 1244 1451 1310; x_wconf 69' lang='lat' dir='ltr'><strong>gloriae</strong></span> <span class='ocrx_word' id='word_1_97' title='bbox 1491 1245 1725 1310; x_wconf 62' lang='lat' dir='ltr'><strong>paenite-</strong></span> 
     </span>
     <span class='ocr_line' id='line_1_15' title="bbox 230 1316 1726 1388; baseline -0.003 -14"><span class='ocrx_word' id='word_1_98' title='bbox 230 1327 352 1375; x_wconf 83' lang='lat' dir='ltr'><strong>bat?</strong></span> <span class='ocrx_word' id='word_1_99' title='bbox 423 1325 572 1374; x_wconf 89' lang='lat' dir='ltr'><strong>Unde</strong></span> <span class='ocrx_word' id='word_1_100' title='bbox 596 1327 751 1388; x_wconf 86' lang='lat' dir='ltr'><strong>igitur</strong></span> <span class='ocrx_word' id='word_1_101' title='bbox 774 1323 941 1371; x_wconf 88' lang='lat' dir='ltr'><strong>subito</strong></span> <span class='ocrx_word' id='word_1_102' title='bbox 975 1328 1120 1370; x_wconf 83' lang='lat' dir='ltr'><strong>tauta</strong></span> <span class='ocrx_word' id='word_1_103' title='bbox 1151 1323 1250 1370; x_wconf 79' lang='lat' dir='ltr'><strong>ista</strong></span> <span class='ocrx_word' id='word_1_104' title='bbox 1280 1319 1537 1370; x_wconf 72' lang='lat' dir='ltr'><strong>mutatio?</strong></span> <span class='ocrx_word' id='word_1_105' title='bbox 1605 1316 1726 1370; x_wconf 73' lang='lat' dir='ltr'><strong>Non</strong></span> 
     </span>
     <span class='ocr_line' id='line_1_16' title="bbox 231 1392 1728 1465; baseline -0.002 -17"><span class='ocrx_word' id='word_1_106' title='bbox 231 1417 430 1465; x_wconf 89' lang='lat' dir='ltr'><strong>possum</strong></span> <span class='ocrx_word' id='word_1_107' title='bbox 449 1399 646 1458; x_wconf 88' lang='lat' dir='ltr'><strong>adduci,</strong></span> <span class='ocrx_word' id='word_1_108' title='bbox 664 1405 722 1446; x_wconf 94' lang='lat' dir='ltr'><strong>ut</strong></span> <span class='ocrx_word' id='word_1_109' title='bbox 740 1401 962 1462; x_wconf 85' lang='lat' dir='ltr'><strong>suspicer</strong></span> <span class='ocrx_word' id='word_1_110' title='bbox 977 1403 1030 1446; x_wconf 87' lang='lat' dir='ltr'><strong>te</strong></span> <span class='ocrx_word' id='word_1_111' title='bbox 1045 1399 1263 1462; x_wconf 77' lang='lat' dir='ltr'><strong>pecunia</strong></span> <span class='ocrx_word' id='word_1_112' title='bbox 1276 1401 1499 1462; x_wconf 67' lang='lat' dir='ltr'><strong>captum</strong></span> <span class='ocrx_word' id='word_1_113' title='bbox 1560 1392 1728 1456; x_wconf 66' lang='lat' dir='ltr'><strong>Licet,</strong></span> 
     </span>
     <span class='ocr_line' id='line_1_17' title="bbox 231 1470 1726 1541; baseline -0.003 -18"><span class='ocrx_word' id='word_1_114' title='bbox 231 1475 364 1541; x_wconf 88' lang='lat' dir='ltr'><strong>quod</strong></span> <span class='ocrx_word' id='word_1_115' title='bbox 388 1479 567 1539; x_wconf 87' lang='lat' dir='ltr'><strong>cuique</strong></span> <span class='ocrx_word' id='word_1_116' title='bbox 598 1474 739 1533; x_wconf 88' lang='lat' dir='ltr'><strong>libet,</strong></span> <span class='ocrx_word' id='word_1_117' title='bbox 772 1473 1023 1538; x_wconf 81' lang='lat' dir='ltr'><strong>loquatur,</strong></span> <span class='ocrx_word' id='word_1_118' title='bbox 1046 1470 1256 1520; x_wconf 81' lang='lat' dir='ltr'><strong>credere</strong></span> <span class='ocrx_word' id='word_1_119' title='bbox 1282 1487 1384 1519; x_wconf 89' lang='lat' dir='ltr'><strong>non</strong></span> <span class='ocrx_word' id='word_1_120' title='bbox 1403 1475 1485 1521; x_wconf 71' lang='lat' dir='ltr'><strong>est</strong></span> <span class='ocrx_word' id='word_1_121' title='bbox 1498 1484 1726 1521; x_wconf 67' lang='lat' dir='ltr'><strong>nocane.</strong></span> 
     </span>
     <span class='ocr_line' id='line_1_18' title="bbox 234 1542 1730 1613; baseline 0 -17"><span class='ocrx_word' id='word_1_122' title='bbox 234 1549 371 1596; x_wconf 90' lang='lat' dir='ltr'><strong>Nihil</strong></span> <span class='ocrx_word' id='word_1_123' title='bbox 410 1553 544 1597; x_wconf 88' lang='lat' dir='ltr'><strong>enim</strong></span> <span class='ocrx_word' id='word_1_124' title='bbox 583 1565 818 1613; x_wconf 90' lang='lat' dir='ltr'><strong>umquam</strong></span> <span class='ocrx_word' id='word_1_125' title='bbox 860 1550 912 1596; x_wconf 89' lang='lat' dir='ltr'><strong>in</strong></span> <span class='ocrx_word' id='word_1_126' title='bbox 949 1553 1003 1596; x_wconf 84' lang='lat' dir='ltr'><strong>te</strong></span> <span class='ocrx_word' id='word_1_127' title='bbox 1040 1545 1319 1606; x_wconf 83' lang='lat' dir='ltr'><strong>sordidum,</strong></span> <span class='ocrx_word' id='word_1_128' title='bbox 1355 1544 1485 1596; x_wconf 74' lang='lat' dir='ltr'><strong>nihil</strong></span> <span class='ocrx_word' id='word_1_129' title='bbox 1531 1542 1730 1596; x_wconf 72' lang='lat' dir='ltr'><strong>humile</strong></span> 
     </span>
     <span class='ocr_line' id='line_1_19' title="bbox 232 1619 1731 1688; baseline -0.001 -16"><span class='ocrx_word' id='word_1_130' title='bbox 232 1627 455 1688; x_wconf 85' lang='lat' dir='ltr'><strong>cognovi.</strong></span> <span class='ocrx_word' id='word_1_131' title='bbox 526 1623 842 1688; x_wconf 85' lang='lat' dir='ltr'><strong>Quamquam</strong></span> <span class='ocrx_word' id='word_1_132' title='bbox 860 1621 1028 1671; x_wconf 83' lang='lat' dir='ltr'><strong>solent</strong></span> <span class='ocrx_word' id='word_1_133' title='bbox 1044 1621 1310 1671; x_wconf 78' lang='lat' dir='ltr'><strong>domestici</strong></span> <span class='ocrx_word' id='word_1_134' title='bbox 1328 1619 1609 1688; x_wconf 73' lang='lat' dir='ltr'><strong>depravare</strong></span> <span class='ocrx_word' id='word_1_135' title='bbox 1623 1635 1731 1671; x_wconf 75' lang='lat' dir='ltr'><strong>non</strong></span> 
     </span>
     <span class='ocr_line' id='line_1_20' title="bbox 234 1698 1728 1764; baseline 0.001 -17"><span class='ocrx_word' id='word_1_136' title='bbox 234 1716 507 1764; x_wconf 87' lang='lat' dir='ltr'><strong>numquam</strong></span> <span class='ocrx_word' id='word_1_137' title='bbox 528 1716 541 1757; x_wconf 92' lang='lat'><strong>;</strong></span> <span class='ocrx_word' id='word_1_138' title='bbox 573 1699 661 1747; x_wconf 87' lang='lat' dir='ltr'><strong>sed</strong></span> <span class='ocrx_word' id='word_1_139' title='bbox 681 1701 796 1746; x_wconf 91' lang='lat' dir='ltr'><strong>novi</strong></span> <span class='ocrx_word' id='word_1_140' title='bbox 814 1698 1106 1747; x_wconf 83' lang='lat' dir='ltr'><strong>firmitatem</strong></span> <span class='ocrx_word' id='word_1_141' title='bbox 1124 1704 1280 1747; x_wconf 83' lang='lat' dir='ltr'><strong>tuam.</strong></span> <span class='ocrx_word' id='word_1_142' title='bbox 1336 1698 1512 1764; x_wconf 79' lang='lat' dir='ltr'><strong>Atque</strong></span> <span class='ocrx_word' id='word_1_143' title='bbox 1532 1699 1728 1750; x_wconf 70' lang='lat' dir='ltr'><strong>uuum</strong></span> 
     </span>
     <span class='ocr_line' id='line_1_21' title="bbox 234 1772 1648 1838; baseline 0.001 -16"><span class='ocrx_word' id='word_1_144' title='bbox 234 1781 291 1822; x_wconf 86' lang='lat' dir='ltr'><strong>ut</strong></span> <span class='ocrx_word' id='word_1_145' title='bbox 313 1774 526 1838; x_wconf 86' lang='lat' dir='ltr'><strong>culpam,</strong></span> <span class='ocrx_word' id='word_1_146' title='bbox 550 1777 620 1822; x_wconf 90' lang='lat' dir='ltr'><strong>sic</strong></span> <span class='ocrx_word' id='word_1_147' title='bbox 644 1777 797 1821; x_wconf 88' lang='lat' dir='ltr'><strong>etiam</strong></span> <span class='ocrx_word' id='word_1_148' title='bbox 821 1777 1157 1837; x_wconf 87' lang='lat' dir='ltr'><strong>suspicionem</strong></span> <span class='ocrx_word' id='word_1_149' title='bbox 1183 1777 1343 1822; x_wconf 79' lang='lat' dir='ltr'><strong>vitare</strong></span> <span class='ocrx_word' id='word_1_150' title='bbox 1365 1772 1648 1838; x_wconf 66' lang='lat' dir='ltr'><strong>potuisset!</strong></span> 
     </span>
     <span class='ocr_line' id='line_1_22' title="bbox 301 1848 1729 1913; baseline 0.001 -17"><span class='ocrx_word' id='word_1_151' title='bbox 301 1849 439 1898; x_wconf 90' lang='lat' dir='ltr'><strong>XIV.</strong></span> <span class='ocrx_word' id='word_1_152' title='bbox 478 1848 611 1897; x_wconf 90' lang='lat' dir='ltr'><strong>Illud</strong></span> <span class='ocrx_word' id='word_1_153' title='bbox 644 1852 803 1912; x_wconf 85' lang='lat' dir='ltr'><strong>magis</strong></span> <span class='ocrx_word' id='word_1_154' title='bbox 828 1865 1018 1907; x_wconf 85' lang='lat' dir='ltr'><strong>vereor,</strong></span> <span class='ocrx_word' id='word_1_155' title='bbox 1052 1865 1117 1897; x_wconf 95' lang='lat' dir='ltr'><strong>ne</strong></span> <span class='ocrx_word' id='word_1_156' title='bbox 1155 1852 1395 1913; x_wconf 79' lang='lat' dir='ltr'><strong>ignorans</strong></span> <span class='ocrx_word' id='word_1_157' title='bbox 1419 1862 1597 1897; x_wconf 74' lang='lat' dir='ltr'><strong>verum</strong></span> <span class='ocrx_word' id='word_1_158' title='bbox 1628 1849 1729 1897; x_wconf 74' lang='lat' dir='ltr'><strong>lter</strong></span> 
     </span>
     <span class='ocr_line' id='line_1_23' title="bbox 236 1923 1727 1990; baseline 0.001 -19"><span class='ocrx_word' id='word_1_159' title='bbox 236 1924 422 1988; x_wconf 84' lang='lat' dir='ltr'><strong>gloriae</strong></span> <span class='ocrx_word' id='word_1_160' title='bbox 459 1924 728 1988; x_wconf 83' lang='lat' dir='ltr'><strong>gloriosum</strong></span> <span class='ocrx_word' id='word_1_161' title='bbox 764 1930 915 1987; x_wconf 91' lang='lat' dir='ltr'><strong>putes</strong></span> <span class='ocrx_word' id='word_1_162' title='bbox 959 1923 1073 1988; x_wconf 85' lang='lat' dir='ltr'><strong>plus</strong></span> <span class='ocrx_word' id='word_1_163' title='bbox 1108 1930 1162 1972; x_wconf 89' lang='lat' dir='ltr'><strong>te</strong></span> <span class='ocrx_word' id='word_1_164' title='bbox 1200 1939 1356 1972; x_wconf 88' lang='lat' dir='ltr'><strong>unum</strong></span> <span class='ocrx_word' id='word_1_165' title='bbox 1391 1938 1540 1990; x_wconf 66' lang='lat' dir='ltr'><strong>pone</strong></span> <span class='ocrx_word' id='word_1_166' title='bbox 1573 1938 1727 1989; x_wconf 76' lang='lat' dir='ltr'><strong>quam</strong></span> 
     </span>
     <span class='ocr_line' id='line_1_24' title="bbox 236 1998 1732 2064; baseline 0.001 -18"><span class='ocrx_word' id='word_1_167' title='bbox 236 2015 409 2047; x_wconf 89' lang='lat' dir='ltr'><strong>omnes</strong></span> <span class='ocrx_word' id='word_1_168' title='bbox 442 2005 497 2047; x_wconf 88' lang='lat' dir='ltr'><strong>et</strong></span> <span class='ocrx_word' id='word_1_169' title='bbox 527 2002 687 2046; x_wconf 86' lang='lat' dir='ltr'><strong>metui</strong></span> <span class='ocrx_word' id='word_1_170' title='bbox 718 2015 748 2045; x_wconf 89' lang='lat' dir='ltr'><strong>a</strong></span> <span class='ocrx_word' id='word_1_171' title='bbox 779 1999 970 2046; x_wconf 87' lang='lat' dir='ltr'><strong>civibus</strong></span> <span class='ocrx_word' id='word_1_172' title='bbox 994 1998 1138 2049; x_wconf 77' lang='lat' dir='ltr'><strong>tuis,¹</strong></span> <span class='ocrx_word' id='word_1_173' title='bbox 1206 1998 1359 2059; x_wconf 86' lang='lat' dir='ltr'><strong>Quod</strong></span> <span class='ocrx_word' id='word_1_174' title='bbox 1391 2002 1434 2048; x_wconf 74' lang='lat' dir='ltr'><strong>si</strong></span> <span class='ocrx_word' id='word_1_175' title='bbox 1466 2001 1541 2048; x_wconf 71' lang='lat' dir='ltr'><strong>it·</strong></span> <span class='ocrx_word' id='word_1_176' title='bbox 1562 2004 1732 2064; x_wconf 67' lang='lat' dir='ltr'><strong>putas,</strong></span> 
     </span>
     <span class='ocr_line' id='line_1_25' title="bbox 235 2072 1731 2136; baseline 0.002 -15"><span class='ocrx_word' id='word_1_177' title='bbox 235 2079 397 2122; x_wconf 82' lang='lat' dir='ltr'><strong>totam</strong></span> <span class='ocrx_word' id='word_1_178' title='bbox 419 2077 617 2136; x_wconf 81' lang='lat' dir='ltr'><strong>ignoras</strong></span> <span class='ocrx_word' id='word_1_179' title='bbox 637 2076 764 2120; x_wconf 89' lang='lat' dir='ltr'><strong>viam</strong></span> <span class='ocrx_word' id='word_1_180' title='bbox 783 2073 986 2136; x_wconf 85' lang='lat' dir='ltr'><strong>gloriae.</strong></span> <span class='ocrx_word' id='word_1_181' title='bbox 1058 2072 1240 2122; x_wconf 84' lang='lat' dir='ltr'><strong>Carum</strong></span> <span class='ocrx_word' id='word_1_182' title='bbox 1259 2089 1371 2123; x_wconf 76' lang='lat' dir='ltr'><strong>esse</strong></span> <span class='ocrx_word' id='word_1_183' title='bbox 1389 2076 1571 2134; x_wconf 78' lang='lat' dir='ltr'><strong>civem,</strong></span> <span class='ocrx_word' id='word_1_184' title='bbox 1594 2073 1731 2124; x_wconf 81' lang='lat' dir='ltr'><strong>bene</strong></span> 
     </span>
     <span class='ocr_line' id='line_1_26' title="bbox 233 2147 1732 2215; baseline 0.003 -19"><span class='ocrx_word' id='word_1_185' title='bbox 233 2149 299 2196; x_wconf 92' lang='lat' dir='ltr'><strong>de</strong></span> <span class='ocrx_word' id='word_1_186' title='bbox 334 2164 389 2196; x_wconf 90' lang='lat' dir='ltr'><strong>re</strong></span> <span class='ocrx_word' id='word_1_187' title='bbox 425 2148 624 2212; x_wconf 88' lang='lat' dir='ltr'><strong>publica</strong></span> <span class='ocrx_word' id='word_1_188' title='bbox 662 2151 859 2207; x_wconf 82' lang='lat' dir='ltr'><strong>mereri,</strong></span> <span class='ocrx_word' id='word_1_189' title='bbox 893 2147 1102 2208; x_wconf 84' lang='lat' dir='ltr'><strong>laudari,</strong></span> <span class='ocrx_word' id='word_1_190' title='bbox 1130 2149 1244 2208; x_wconf 88' lang='lat' dir='ltr'><strong>coli,</strong></span> <span class='ocrx_word' id='word_1_191' title='bbox 1279 2148 1424 2214; x_wconf 75' lang='lat' dir='ltr'><strong>diligi</strong></span> <span class='ocrx_word' id='word_1_192' title='bbox 1456 2147 1732 2215; x_wconf 66' lang='lat' dir='ltr'><strong>gloriosum</strong></span> 
     </span>
     <span class='ocr_line' id='line_1_27' title="bbox 236 2222 1730 2286; baseline 0.003 -16"><span class='ocrx_word' id='word_1_193' title='bbox 236 2229 349 2279; x_wconf 82' lang='lat' dir='ltr'><strong>est3</strong></span> <span class='ocrx_word' id='word_1_194' title='bbox 384 2226 545 2270; x_wconf 90' lang='lat' dir='ltr'><strong>metui</strong></span> <span class='ocrx_word' id='word_1_195' title='bbox 571 2238 686 2270; x_wconf 86' lang='lat' dir='ltr'><strong>vero</strong></span> <span class='ocrx_word' id='word_1_196' title='bbox 719 2229 773 2269; x_wconf 93' lang='lat' dir='ltr'><strong>et</strong></span> <span class='ocrx_word' id='word_1_197' title='bbox 804 2226 858 2270; x_wconf 90' lang='lat' dir='ltr'><strong>in</strong></span> <span class='ocrx_word' id='word_1_198' title='bbox 890 2223 1006 2270; x_wconf 92' lang='lat' dir='ltr'><strong>odio</strong></span> <span class='ocrx_word' id='word_1_199' title='bbox 1038 2240 1149 2272; x_wconf 89' lang='lat' dir='ltr'><strong>esse</strong></span> <span class='ocrx_word' id='word_1_200' title='bbox 1182 2223 1504 2286; x_wconf 88' lang='lat' dir='ltr'><strong>invidiosum,</strong></span> <span class='ocrx_word' id='word_1_201' title='bbox 1533 2222 1730 2275; x_wconf 70' lang='lat' dir='ltr'><strong>detest-</strong></span> 
     </span>
     <span class='ocr_line' id='line_1_28' title="bbox 233 2296 1731 2358; baseline 0.005 -14"><span class='ocrx_word' id='word_1_202' title='bbox 233 2297 382 2356; x_wconf 86' lang='lat' dir='ltr'><strong>abile,</strong></span> <span class='ocrx_word' id='word_1_203' title='bbox 401 2296 709 2356; x_wconf 90' lang='lat' dir='ltr'><strong>inbecillum,</strong></span> <span class='ocrx_word' id='word_1_204' title='bbox 728 2297 984 2346; x_wconf 87' lang='lat' dir='ltr'><strong>caducum.</strong></span> <span class='ocrx_word' id='word_1_205' title='bbox 1079 2297 1229 2358; x_wconf 84' lang='lat' dir='ltr'><strong>Quod</strong></span> <span class='ocrx_word' id='word_1_206' title='bbox 1256 2298 1487 2349; x_wconf 70' lang='lat' dir='ltr'><strong>videmus</strong></span> <span class='ocrx_word' id='word_1_207' title='bbox 1502 2302 1659 2350; x_wconf 72' lang='lat' dir='ltr'><strong>etiam</strong></span> <span class='ocrx_word' id='word_1_208' title='bbox 1677 2302 1731 2351; x_wconf 77' lang='lat' dir='ltr'><strong>in</strong></span> 
     </span>
    </p>
   </div>
   <div class='ocr_carea' id='block_1_3' title="bbox 235 2414 1731 2524">
    <p class='ocr_par' dir='ltr' id='par_1_3' title="bbox 235 2414 1731 2524">
     <span class='ocr_line' id='line_1_29' title="bbox 285 2414 1731 2475; baseline 0.002 -16"><span class='ocrx_word' id='word_1_209' title='bbox 285 2414 302 2442; x_wconf 88' lang='lat'>¹</span> <span class='ocrx_word' id='word_1_210' title='bbox 329 2414 460 2459; x_wconf 80' lang='lat' dir='ltr'><strong>Some</strong></span> <span class='ocrx_word' id='word_1_211' title='bbox 498 2414 622 2456; x_wconf 80' lang='lat' dir='ltr'><strong>MSS.</strong></span> <span class='ocrx_word' id='word_1_212' title='bbox 667 2414 755 2456; x_wconf 78' lang='lat' dir='ltr'><strong>add</strong></span> <span class='ocrx_word' id='word_1_213' title='bbox 792 2415 896 2458; x_wconf 77' lang='lat' dir='ltr'><strong>here</strong></span> <span class='ocrx_word' id='word_1_214' title='bbox 932 2431 1061 2471; x_wconf 76' lang='lat' dir='ltr'><strong>quam</strong></span> <span class='ocrx_word' id='word_1_215' title='bbox 1100 2419 1231 2470; x_wconf 71' lang='lat' dir='ltr'><strong>diliyi</strong></span> <span class='ocrx_word' id='word_1_216' title='bbox 1266 2419 1409 2470; x_wconf 69' lang='lat' dir='ltr'><strong>malis,</strong></span> <span class='ocrx_word' id='word_1_217' title='bbox 1444 2416 1664 2475; x_wconf 66' lang='lat' dir='ltr'><strong>probably</strong></span> <span class='ocrx_word' id='word_1_218' title='bbox 1701 2431 1731 2462; x_wconf 74' lang='grc' dir='ltr'>ι</span> 
     </span>
     <span class='ocr_line' id='line_1_30' title="bbox 235 2469 679 2524; baseline -0.002 -12"><span class='ocrx_word' id='word_1_219' title='bbox 235 2471 445 2524; x_wconf 72' lang='lat' dir='ltr'><strong>copyisb&#39;s</strong></span> <span class='ocrx_word' id='word_1_220' title='bbox 464 2469 679 2511; x_wconf 79' lang='lat' dir='ltr'><strong>addition.</strong></span> 
     </span>
    </p>
   </div>
   <div class='ocr_carea' id='block_1_4' title="bbox 736 2600 1227 2644">
    <p class='ocr_par' dir='ltr' id='par_1_4' title="bbox 736 2600 1227 2644">
     <span class='ocr_line' id='line_1_31' title="bbox 736 2600 1227 2644; baseline 0.004 -2"><span class='ocrx_word' id='word_1_221' title='bbox 736 2600 753 2626; x_wconf 88' lang='lat'><strong>¹</strong></span> <span class='ocrx_word' id='word_1_222' title='bbox 780 2600 978 2642; x_wconf 66' lang='lat' dir='ltr'><strong>Caesnr&#39;s</strong></span> <span class='ocrx_word' id='word_1_223' title='bbox 998 2603 1227 2644; x_wconf 65' lang='lat' dir='ltr'><strong>amasius.</strong></span> 
     </span>
    </p>
   </div>
   <div class='ocr_carea' id='block_1_5' title="bbox 231 2628 293 2738">
    <p class='ocr_par' dir='ltr' id='par_1_5' title="bbox 231 2628 293 2738">
     <span class='ocr_line' id='line_1_32' title="bbox 231 2628 293 2738; baseline 0.097 -6"><span class='ocrx_word' id='word_1_224' title='bbox 231 2628 293 2738; x_wconf 21' lang='lat'><strong>5⁴².</strong></span> 
     </span>
    </p>
   </div>
  </div>
 </body>
</html>
