1826 2892
502 198 783 250 MARCUS
829 193 1135 246 TULLIUS
1180 190 1435 243 menno

150 343 207 385 34
239 332 409 381 fabula
430 331 503 378 illi
528 332 638 394 ipsi,
662 331 749 394 qui
783 333 797 356 ‘
814 326 1051 384 Oderint,
1074 323 1196 373 dum
1228 320 1492 372 metuant'
1515 319 1724 382 dixerit,

233 403 565 465 perniciosum
589 397 756 445 fuisse.
833 395 1057 453 Utinam,
1081 392 1149 442 Μ.
1178 392 1389 452 Antoni,
1401 405 1556 440 avum
1575 394 1725 442 tunm

234 467 575 516 meminisses!
629 464 695 512 de
731 479 831 529 quo
877 470 1049 510 tamen
1093 460 1278 509 audisti
1314 458 1480 509 mult·
1517 473 1584 509 ex
1622 472 1725 519 me,

234 551 393 600 eaque
436 536 738 597 saepissime.
814 531 1030 579 Putasne
1086 528 1230 576 inum
1288 524 1725 577 immortalitatem

235 605 415 651 mereri
454 601 684 659 voluisse,
729 606 788 647 ut
832 605 1040 663 propter
1077 612 1331 645 armorum
1372 592 1724 646 habendorum

236 671 491 718 licentiam
526 669 876 716 metueretur?
948 665 1043 714 Illa
1077 672 1187 714 erat
1222 667 1343 724 vita,
1376 662 1469 713 ma
1498 659 1727 714 neand-

236 738 452 795 fortuna‚
510 736 746 784 libertate
791 750 902 783 esse
959 749 1131 798 parem
1178 736 1380 792 ceteris,
1439 732 1724 799 principun

235 806 498 870 dignitate.
572 804 768 869 ltaque,
792 810 851 851 ut
873 806 1107 850 omittam
1133 817 1215 850 res
1236 804 1317 850 avi
1340 802 1419 850 tui
1441 811 1726 867 prum

235 875 605 922 acerbissimum
663 875 771 920 eius
825 886 1116 935 supremum
1161 868 1300 918 diem
1346 867 1522 919 malim
1573 883 1727 937 qn·-

237 941 294 990 L.
336 941 526 989 Cinnae
565 940 896 999 dominatum,
928 955 958 986 a
994 954 1096 1005 quo
1134 937 1223 988 ille
1257 936 1607 988 crudelissime
1645 942 1730 988 est

236 1009 550 1058 interfectus.

154 1084 209 1126 35
308 1075 410 1125 Sed
450 1076 572 1141 quid
604 1079 830 1123 oratione
879 1082 934 1123 te
980 1073 1218 1123 flectam?
1285 1073 1341 1125 Si
1387 1076 1527 1124 euim
1560 1076 1730 1125 exitu·

239 1144 289 1192 C.
329 1144 550 1192 Caesaris
586 1143 779 1192 efficere
815 1160 914 1190 non
946 1149 1133 1206 potest,
1169 1149 1228 1191 ut
1262 1141 1407 1192 malls
1434 1157 1582 1193 carus
1615 1156 1729 1193 αισα

238 1228 387 1276 quam
422 1214 596 1270 metui,
632 1210 757 1258 nihil
793 1215 1086 1276 cuiusquam
1135 1210 1368 1276 proficiet
1401 1226 1501 1260 nee
1536 1209 1729 1261 valeflt

238 1283 406 1328 oratio.
480 1278 646 1339 Quem
669 1283 755 1343 qui
780 1279 984 1328 beatum
1019 1278 1173 1328 fuisse
1198 1284 1401 1396 putant,
1436 1282 1611 1330 miseri
1629 1281 1729 1346 ίμί

242 1354 371 1395 sunt.
445 1347 629 1395 Beatus
662 1354 742 1395 est
776 1363 943 1404 nemo,
983 1350 1069 1413 qui
1106 1363 1167 1395 ea
1220 1362 1317 1411 ege
1353 1350 1496 1407 vivit,
1530 1353 1592 1398 ut
1623 1361 1729 1398 nou

238 1415 388 1462 modo
426 1418 633 1479 inpune,
666 1415 755 1463 sed
791 1419 944 1464 etiam
993 1431 1108 1463 cum
1148 1432 1346 1464 summa
1384 1414 1731 1467 interfectori·

239 1482 398 1545 gloria
430 1482 643 1531 interfici
689 1486 861 1547 possit.
932 1482 1102 1543 Quare
1138 1483 1288 1533 flecte
1321 1490 1395 1544 te,
1429 1498 1639 1551 quaene,
1670 1490 1730 1535 ot

239 1553 449 1598 maiores
471 1555 584 1599 tuos
607 1555 799 1615 respice
815 1558 969 1616 atque
994 1556 1065 1600 ita
1088 1552 1317 1616 guberna
1335 1568 1442 1602 rem
1458 1551 1732 1619 publium,

241 1625 300 1666 ut
333 1624 507 1666 natum
542 1634 651 1667 esse
685 1626 739 1667 te
773 1622 907 1667 cives
931 1624 1003 1668 tui
1041 1620 1317 1683 gaudeant,
1350 1624 1463 1671 sine
1494 1636 1600 1688 quo
1631 1636 1732 1673 uec

244 1687 418 1733 beatus
441 1702 537 1734 nec
571 1686 732 1735 clarus
755 1703 851 1736 nee
875 1695 1016 1737 tutus
1032 1688 1051 1720 ¹
1075 1693 1339 1756 quisquam
1375 1704 1488 1740 ene
1521 1692 1733 1741 (influo

239 1760 422 1817 potest.

308 1820 416 1869 XV.
457 1820 632 1886 Populi
668 1822 873 1887 quidem
923 1823 1132 1873 Romani
1167 1825 1352 1875 iudicia
1384 1825 1550 1878 multa
1580 1827 1734 1878 mbo

156 1895 212 1937 36
245 1887 473 1946 habetis;
531 1890 711 1954 quibus
752 1907 836 1939 vos
876 1908 976 1939 non
1022 1896 1143 1941 satis
1189 1897 1379 1944 moveri
1424 1895 1735 1963 permoleste

241 1955 362 2004 fero.
435 1956 570 2016 Quid
590 1962 726 2005 enim
746 1960 765 2006 ?
799 1959 1159 2021 gladiatoribus
1182 1962 1426 2013 clamores
1441 1965 1731 2015 innumera·

243 2024 419 2072 bilium
456 2028 655 2083 civium,
687 2027 844 2091 quid?
881 2028 1054 2092 populi
1095 2046 1284 2090 versus,
1320 2030 1485 2098 quid?
1521 2031 1733 2099 Pompei

243 2098 441 2139 statuae
481 2092 681 2155 plausus
715 2095 915 2154 infiniti,
950 2096 1108 2161 quid?
1159 2098 1358 2149 duobus
1390 2100 1610 2151 tribunis
1645 2099 1735 2167 pL,

241 2162 328 2223 qui
375 2160 513 2207 vobis
564 2161 909 2222 adversantur,
969 2181 1214 2228 parumne
1262 2168 1390 2217 haee
1445 2167 1739 2235 significant

241 2227 607 2276 incredibiliter
638 2235 1044 2280 consentientem
1068 2235 1241 2299 populi
1279 2235 1491 2286 Romani
1514 2239 1736 2288 universi

569 2366 587 2394 ²
619 2370 771 2410 Unctus
788 2370 933 2422 (Vat.)
947 2388 966 2421 ,·
992 2377 1108 2415 tutus
1126 2374 1379 2429 (Murem).

305 2517 322 2543 ¹
349 2517 442 2558 The
461 2520 693 2583 quotation
715 2521 758 2571 (a
775 2519 997 2564 favourito
1016 2537 1099 2565 one
1117 2525 1164 2565 of
1182 2526 1260 2567 the
1282 2527 1495 2583 Emperor
1508 2527 1737 2587 Ofillgubz

244 2570 364 2614 Suet.
393 2574 483 2614 Gal.
508 2574 594 2625 30),
614 2587 655 2616 is
672 2574 787 2616 from
808 2576 884 2618 the
901 2580 1061 2621 Auem
1078 2579 1125 2620 of
1144 2581 1318 2626 Accius.

243 2648 308 2712 54
