1826 2892
463 221 741 271 MARCUS
787 220 877 268 TU
888 217 996 266 LLl
1006 215 1090 266 US
1136 213 1391 265 CICERO

194 357 440 415 omnibus,
464 359 516 402 in
553 354 604 403 C.
632 352 853 400 Caesaris
887 349 1264 398 commentariis
1299 344 1679 411 reperiebam-3

194 449 386 481 summa
426 433 706 478 constantia
746 427 809 475 ad
848 443 924 485 ea,
958 441 1087 490 quae
1129 425 1360 489 quaesita
1396 427 1561 480 erant,
1600 434 1678 469 re·

149 508 492 572 3spondebat.
589 505 721 553 Num
778 506 862 568 qui
912 501 1088 550 exules
1141 499 1407 549 restituti?
1500 495 1678 547 Unum

195 585 375 643 aiebat,
435 589 695 646 praeterea
752 582 1028 628 neminem.
1136 575 1271 624 Num
1331 576 1681 624 immunitates

195 660 356 708 datae.
441 664 473 686 “
493 654 723 715 Nullae‚”
764 654 1123 719 respondebat.
1216 649 1483 701 Adsentiri
1522 650 1679 700 etiam

196 752 286 783 nos
332 735 435 784 Ser.
483 734 719 797 Sulpicio,
767 732 1040 780 clarissimo
1085 732 1209 789 viro,
1251 727 1430 788 voluit,
1469 742 1538 777 ne
1580 742 1682 794 qua

195 812 364 860 tabula
404 817 517 874 post
566 809 684 857 Idus
735 808 942 856 Martias
988 806 1139 854 ullius
1204 804 1402 854 decreti
1455 802 1681 854 Cae-aria

194 894 283 936 aut
339 886 566 935 beneficii
624 886 875 950 figeretur.
952 883 1118 932 Multa
1177 888 1461 947 praetereo,
1517 895 1682 947 eaque

198 963 477 1028 praeclara;
527 962 590 1010 ad
638 962 891 1025 singulare
937 962 1074 1009 enim
1126 959 1200 1010 M.
1247 959 1443 1007 Antoni
1489 954 1683 1008 foetum

197 1039 403 1087 festinat
442 1042 613 1088 oratio.
690 1037 1021 1096 Dictaturam,
1058 1051 1190 1102 quae
1232 1038 1332 1084 iam
1369 1037 1473 1084 vim
1509 1035 1683 1100 regbe

197 1118 459 1179 potestatis
482 1114 764 1173 obsederat,
788 1113 1018 1162 funditus
1041 1128 1104 1161 ex
1130 1128 1185 1161 re
1218 1110 1423 1177 publica
1442 1108 1683 1169 malit}

196 1191 260 1239 de
283 1208 381 1255 qua
403 1207 456 1239 re
489 1207 554 1238 ne
586 1194 865 1238 sententias
888 1189 1096 1255 quidem
1120 1188 1355 1238 diximus.
1425 1186 1682 1255 Scriptum

196 1274 398 1315 senatus
445 1266 744 1325 consultum,
785 1266 920 1332 quod
964 1266 1069 1315 fieri
1110 1264 1285 1325 vellet,
1321 1263 1531 1323 attulit3
1580 1279 1684 1332 quo

198 1347 406 1391 recitato
462 1346 815 1392 auctoritatem
870 1346 978 1391 eius
1035 1357 1234 1391 summo
1290 1340 1464 1391 studio
1507 1344 1682 1401 pecati

197 1436 364 1467 sumus
379 1423 524 1484 eique
548 1419 863 1483 amplissimis
879 1419 1043 1468 verbis
1062 1435 1154 1484 per
1171 1424 1380 1469 senatus
1393 1416 1682 1469 consultum

197 1499 380 1558 gratias
406 1499 610 1559 egimus.

132 1578 154 1616 4
270 1571 336 1619 ΙΙ.
378 1572 485 1619 Lux
537 1572 783 1636 quaedam
831 1572 1099 1621 videbatur
1150 1571 1324 1622 oblat·
1368 1588 1474 1622 non
1529 1571 1685 1623 modo

196 1663 368 1710 regn0,
404 1647 538 1712 quod
572 1648 954 1711 pei-tuleramus,
990 1647 1083 1697 sed
1120 1651 1277 1698 etiam
1318 1651 1464 1714 regui
1500 1651 1684 1699 timore

196 1723 409 1782 sublato,
454 1741 792 1789 magnumque
839 1729 1024 1788 pignus
1080 1724 1148 1774 ab
1204 1740 1268 1774 eo
1316 1728 1392 1774 rei
1447 1724 1684 1791 publicae

195 1798 388 1858 datum,
405 1800 459 1847 se
473 1800 681 1847 liberam
706 1804 962 1849 civitatem
982 1817 1092 1850 esse
1111 1800 1263 1860 velle,
1280 1817 1397 1851 cum
1420 1800 1685 1852 dictatorie

197 1891 399 1934 nomen,
413 1876 547 1939 quod
571 1892 720 1939 saepe
744 1880 931 1925 iustum
955 1877 1154 1938 suisset,
1170 1883 1380 1944 propter
1401 1884 1683 1945 perpetuae

197 1950 477 1999 dictaturae
538 1959 798 2000 recentem
855 1958 1149 2002 memoriam
1207 1953 1443 2004 funditus
1497 1971 1564 2005 ex
1627 1971 1684 2006 re

149 2034 175 2072 5
200 2027 399 2090 publica
422 2028 717 2076 sustulisset.
780 2028 1043 2080 Liberatus
1068 2030 1295 2095 periculo
1318 2030 1490 2081 caedis
1510 2035 1686 2098 paucis

196 2109 311 2166 post
349 2103 525 2152 diebus
572 2112 808 2162 senatus;
857 2122 1014 2155 uncus
1055 2109 1291 2173 inpactus
1330 2114 1414 2159 eet
1466 2107 1687 2175 fugitivo

197 2178 286 2237 illi,
336 2183 422 2243 qui
466 2183 520 2227 in
569 2182 694 2228 Mari
742 2198 929 2231 nomen
983 2187 1250 2234 invaserat.
1335 2184 1512 2252 Atque
1556 2185 1685 2237 haee

198 2258 366 2301 omnia
401 2261 733 2304 communiter
767 2275 879 2306 cum
916 2259 1143 2323 collega3
1177 2260 1278 2310 alia
1310 2277 1462 2327 porro
1482 2266 1686 2329 propria

197 2328 511 2389 Dolabellae,
557 2347 703 2394 quae,
750 2337 846 2380 nisi
897 2333 1094 2398 collega
1137 2335 1369 2399 afuisset,
1413 2336 1571 2388 credo
1618 2341 1683 2388 iis

194 2403 364 2452 futura
409 2405 563 2453 fuisse
610 2412 907 2460 communia.
980 2410 1110 2458 Nam
1167 2429 1284 2460 cum
1341 2421 1575 2480 serperet
1628 2417 1684 2464 in

246 2545 266 2573 ²
293 2547 336 2590 S.
360 2547 553 2592 Clodius.
579 2550 658 2591 the
677 2551 858 2593 brother
875 2553 923 2594 of
947 2553 1025 2595 the
1045 2554 1249 2598 tribune:
1279 2556 1334 2599 cf.
1361 2558 1457 2601 A:-
1479 2558 1617 2603 letter
1632 2563 1686 2604 ω

193 2600 243 2644 0.
262 2602 308 2642 in
327 2604 431 2654 Epp.
455 2605 514 2645 aa
530 2608 618 2645 Act.
646 2606 706 2646 14.
733 2607 794 2648 13.

191 2686 261 2735 22.
