1774 2898
464 170 748 221 MARCUS
794 165 1101 218 TULLIUS
1147 162 1403 215 menno

195 309 324 354 rium
346 307 424 353 tui
455 300 649 351 discidii
681 300 814 349 ferre
837 315 939 347 non
965 304 1155 363 posset,
1177 311 1234 346 ne
1263 298 1319 346 in
1349 293 1560 349 exilium
1589 297 1690 347 itu.

113 388 168 428 46
202 395 325 427 rum.
397 378 513 437 Quo
535 384 766 440 tempore
790 390 888 438 ego
918 379 1109 439 quanta
1140 372 1278 423 mala
1304 369 1693 423 flamm

195 452 413 500 familiae
436 451 604 500 sedavi
631 450 709 498 vel
736 453 905 514 potius
926 446 1137 497 sustuli!
1212 445 1348 495 Patri
1371 446 1693 512 panemo&

196 544 280 576 aes
302 527 523 576 alienum
547 526 634 573 filii
658 524 975 582 dissolveret,
998 522 1276 573 redimeret
1304 518 1692 572 nduleneentem

195 618 390 652 summa
410 617 501 666 spe
525 607 580 649 et
602 603 755 648 animi
780 606 836 648 et
859 601 1052 663 ingenii
1077 596 1367 664 praeditum
1388 597 1465 647 rei
1480 594 1693 648 samnh-

199 681 266 726 ris
289 676 615 725 facultatibus
638 691 857 739 eumque
891 691 995 722 non
1028 671 1179 723 modo
1209 679 1300 723 tua
1329 669 1695 735 sumni-riute,

196 751 286 801 sed
310 755 464 800 etiam
488 754 846 813 congressione
871 752 1036 814 patrio
1059 751 1169 797 iure
1202 753 1259 797 et
1288 752 1551 813 potum
1575 762 1693 815 pm-

198 827 411 876 hiberet.
485 826 628 874 Haec
654 833 709 874 tu
735 842 850 873 cum
875 841 966 888 per
989 840 1072 874 me
1094 830 1211 872 acta
1233 824 1573 884 meminimus,
1593 825 1693 875 nini

198 902 312 961 illis,
334 918 459 967 quos
482 901 728 959 videmus,
749 899 930 963 gladiis
961 898 1261 959 confideret,
1291 896 1582 950 mledieffl
1609 913 1697 950 ne

198 992 466 1041 provocare
490 992 636 1024 ausus
661 977 832 1024 esses?

115 1058 173 1101 47
266 1050 406 1099 XIX.
444 1050 544 1099 Sed
569 1054 667 1097 iam
692 1057 866 1114 stupra
898 1056 953 1098 et
984 1048 1174 1113 flagitia
1207 1052 1536 1108 omittnmmz
1572 1054 1700 1101 tunt

115 2029 171 2068 48

198 1125 461 1190 quaedam,
508 1141 638 1190 quae
686 1125 901 1172 honeste
956 1141 1058 1173 non
1115 1139 1319 1190 mesum
1372 1122 1583 1184 dicere}
1636 1130 1696 1177 tu

199 1207 369 1248 autem
406 1216 467 1248 eo
501 1198 722 1259 liberior,
756 1198 891 1264 quod
928 1215 987 1247 ea
1021 1202 1075 1247 in
1112 1206 1166 1248 te
1201 1197 1471 1261 admisisti,
1501 1214 1635 1268 qnae
1666 1214 1699 1250 ι

198 1274 483 1323 verecundo
505 1277 709 1322 inimico
730 1274 905 1322 audire
931 1290 1032 1322 non
1058 1289 1244 1339 posses.
1316 1271 1421 1324 Sed
1446 1273 1699 1343 reliquum

200 1353 332 1398 vitae
370 1366 569 1398 cursum
608 1348 809 1406 videte3
862 1365 1014 1415 quem
1054 1348 1263 1415 quidem
1304 1347 1545 1401 celeriter
1581 1364 1699 1419 per·

199 1428 456 1488 stringam.
543 1423 626 1471 Ad
674 1423 799 1473 haec
848 1427 1003 1482 enim,
1045 1440 1175 1490 quae
1201 1426 1256 1473 in
1297 1422 1432 1474 civili
1474 1421 1613 1477 bello
1642 1426 1700 1475 in

199 1503 426 1547 maximis
461 1502 533 1547 rei
569 1498 799 1563 publicae
836 1502 1049 1549 miseriis
1088 1499 1229 1560 fecit,
1264 1505 1322 1549 et
1353 1498 1421 1551 nd
1453 1514 1534 1562 en,
1566 1514 1701 1568 quae

198 1573 384 1622 cotidie
410 1572 547 1633 facit,
570 1573 780 1621 festinat
803 1578 1013 1622 animus.
1087 1574 1234 1635 Quae
1268 1580 1393 1640 peto
1424 1579 1501 1637 ut,
1522 1590 1702 1643 qum·

199 1664 350 1712 quam
385 1647 547 1696 multo
581 1652 778 1696 notiora
813 1650 952 1698 vobis
985 1666 1138 1714 quam
1173 1648 1299 1698 mihi
1334 1655 1475 1710 tunt,
1506 1655 1703 1711 umen,

201 1730 260 1771 ut
295 1723 476 1782 facitis,
505 1729 708 1771 attente
738 1723 968 1772 audiatis.
1046 1724 1219 1773 Debet
1255 1728 1396 1774 enim
1427 1723 1618 1775 unbo-
1646 1726 1702 1775 in

201 1799 351 1846 rebus
375 1801 596 1846 excitare
619 1801 812 1846 animos
836 1815 937 1846 non
961 1803 1190 1862 cognitio
1211 1798 1375 1848 solum
1397 1814 1583 1859 rerum,
1607 1799 1701 1851 ned

203 1876 357 1920 etiam
382 1873 676 1921 recordatio.
748 1873 857 1922 Etsi
882 1873 1179 1934 incidamus,
1203 1877 1398 1939 opinor,
1424 1875 1612 1937 media,
1634 1889 1704 1927 ne

203 1951 351 1996 nimis
373 1964 486 1996 sero
508 1947 572 1995 ad
597 1954 826 1996 extrema
848 1952 1122 1997 veniamus.

274 2021 489 2069 Intimus
513 2028 623 2070 erat
645 2025 697 2069 in
722 2023 984 2071 tribunatu
1008 2022 1202 2083 Clodio,
1225 2027 1312 2090 qui
1343 2039 1437 2073 sua
1465 2039 1590 2091 erga
1617 2038 1704 2075 me

202 2096 446 2144 beneficia
482 2104 872 2155 commemorat;
929 2100 1039 2147 eius
1077 2102 1305 2148 omnium
1347 2098 1704 2150 incendiorum

203 2170 305 2230 fax,
328 2175 470 2219 cuius
492 2175 647 2219 etiam
671 2171 807 2220 domi
830 2175 929 2220 iam
955 2180 1064 2221 tum
1088 2173 1332 2239 quiddam
1363 2174 1572 2226 molitus
1606 2182 1701 2227 ett-

204 2244 342 2305 Quid
398 2245 580 2304 dicam,
637 2249 745 2310 ipse
807 2250 1001 2310 optime
1067 2248 1343 2313 intellegit.
1417 2248 1550 2300 Inde
1605 2253 1708 2300 iter

202 2319 563 2369 Alexandriam
586 2327 763 2368 contra
785 2329 991 2371 senatus
1007 2326 1384 2385 auctoritatem,
1400 2331 1580 2375 eontra
1595 2341 1707 2376 rem

259 2484 277 2510 ²
304 2482 397 2526 C.’s
415 2483 555 2524 bitter
574 2471 746 2537 enemy,
770 2485 856 2526 and
877 2485 954 2526 the
973 2485 1137 2527 author
1155 2486 1202 2528 oi
1219 2486 1288 2529 hi·
1306 2487 1434 2531 exile.
1561 2528 1563 2531 .

256 2537 274 2565 ⁸
303 2537 526 2591 Probably
545 2551 602 2579 an
622 2539 817 2594 intrigue
837 2540 947 2581 with
967 2540 1142 2591 Fulvia,
1163 2540 1243 2584 tho
1262 2542 1366 2586 wife
1382 2541 1432 2586 οἱ
1446 2541 1645 2588 modin..

206 2632 299 2665 110
