1826 2892
145 1013 195 1053 15

487 143 768 194 MARCUS
813 138 1117 190 TULLIUS
1165 134 1419 186 CICERO

215 278 386 344 profici
422 278 646 342 potuerit
683 271 892 337 aliquid,
947 269 1037 319 sed
1090 284 1157 317 ne
1206 282 1338 316 unua
1392 263 1546 316 modo
1586 278 1710 315 oon-

221 359 410 418 sularis,
475 356 608 422 quod
672 360 781 403 tum
845 350 1047 407 accidit,
1108 348 1296 413 dignus
1359 345 1449 396 mo
1516 344 1712 396 houm

224 441 405 505 dignus
439 455 492 486 re
525 436 724 502 publica
759 437 1086 482 inveniretur.
1158 430 1275 491 Qu·
1309 426 1518 495 quidem
1553 442 1619 478 οι
1652 441 1712 477 re

222 537 459 585 magnum
524 520 713 582 accipio
763 514 1006 571 dolorem,
1084 512 1316 561 homines
1385 506 1712 576 ampliuinb

223 601 393 666 populi
442 601 648 647 Romani
690 596 946 644 beneficiis
993 610 1107 643 usos
1151 592 1206 642 1.
1254 592 1489 642 Pisonem
1525 588 1712 642 (lucau

225 689 458 747 optumae
506 682 791 729 sententiae
849 693 951 725 non
1009 682 1224 725 secutoa.
1299 673 1564 724 Idcircone
1618 686 1715 723 uo·

225 762 434 828 populus
454 762 701 809 Romanus
725 758 955 807 consules
980 756 1120 816 fecit,
1138 763 1198 806 ut
1221 759 1274 805 in
1291 755 1540 806 alti-nimo
1550 752 1713 820 “ndu

225 844 484 908 dignitatis
506 842 654 890 locati
679 857 783 888 rem
801 839 1052 904 publicam
1077 855 1168 904 pro
1191 837 1352 887 nihilo
1374 836 1714 888 hubertum?

228 926 343 973 Non
375 924 524 972 modo
557 939 676 971 voce
706 938 856 970 nemo
892 921 947 969 L.
992 920 1157 970 Pisoni
1192 919 1487 981 consularia,
1519 918 1614 971 ned
1645 934 1715 970 ne

225 1005 365 1054 vultu
401 1004 604 1069 quidem
633 1002 872 1050 adsensus
907 1007 1003 1053 est.
1074 999 1240 1061 Quae,
1261 999 1470 1061 malum,
1503 1006 1587 1051 ent
1616 1002 1717 1051 ut·

228 1086 504 1134 voluntaria
554 1087 800 1133 servitus?
873 1083 1045 1132 fuerit
1095 1081 1347 1149 quaedam
1405 1084 1717 1143 αεοαιιήις

231 1184 395 1232 neque
420 1184 516 1232 ego
545 1167 640 1214 hoc
670 1166 734 1214 ab
765 1165 997 1214 omnibus
1020 1168 1081 1213 iia
1104 1163 1357 1224 desidero,
1387 1167 1476 1231 qui
1507 1170 1718 1215 tenten-

230 1252 351 1297 tiam
385 1248 627 1296 consulari
663 1247 771 1295 loco
810 1246 1002 1295 dicunt.
1076 1246 1192 1294 Ali·
1226 1262 1376 1295 causa
1407 1252 1491 1296 eut
1521 1261 1716 1307 eom,

231 1346 438 1394 quorum
470 1330 670 1377 silentio
693 1333 910 1393 ignosco,
945 1328 1042 1376 alia
1073 1344 1266 1388 eorum,
1289 1344 1505 1395 quorum
1538 1343 1716 1380 vocem

233 1414 456 1475 requiro;
491 1426 615 1474 quos
646 1411 850 1475 quidem
883 1409 1033 1459 doleo
1068 1413 1119 1458 iu
1157 1413 1498 1476 auspicion-
1527 1409 1719 1479 populo

234 1490 455 1539 Romano
479 1495 647 1539 venire
682 1508 783 1539 non
818 1491 969 1540 modo
1005 1498 1188 1551 metus,
1212 1490 1350 1558 quod
1384 1495 1551 1559 ipmm
1578 1499 1718 1546 emt

231 1578 394 1635 turpe,
440 1572 530 1620 sed
576 1573 726 1620 alium
773 1572 869 1620 alia
914 1573 980 1622 de
1037 1590 1187 1623 causa
1243 1573 1423 1625 deute
1471 1573 1717 1642 dignitati

230 1668 362 1701 suae.

299 1734 410 1782 vn.
448 1734 616 1794 Quare
656 1739 869 1799 primum
906 1741 1146 1787 maximas
1190 1742 1380 1803 gratian
1424 1745 1483 1790 et
1523 1755 1624 1807 ago
1659 1747 1719 1792 et

229 1815 392 1864 habeo
439 1816 622 1874 Pisoni,
666 1822 769 1882 qui,
814 1836 914 1866 non
952 1820 1072 1885 quid
1110 1821 1308 1871 efficere
1354 1828 1530 1888 ponet
1563 1826 1621 1875 in
1660 1840 1717 1876 re

231 1896 448 1960 publica,
493 1902 748 1962 cogitavit,
807 1901 894 1949 sed
946 1903 1068 1967 quid
1114 1902 1281 1953 facere
1325 1908 1439 1971 ipae
1481 1904 1713 1960 deberet.

233 1977 434 2027 Deinde
466 1996 497 2026 a
530 1980 685 2039 vobis,
719 1989 886 2045 patres
920 1989 1208 2050 conscripti,
1233 1996 1368 2052 peto,
1403 1994 1480 2050 ut,
1514 1992 1716 2042 eti-mei

231 2063 374 2124 sequi
407 2063 571 2108 minus
602 2062 853 2111 audebitis
887 2069 1133 2115 rationem
1164 2075 1320 2134 atque
1354 2074 1715 2124 aum

229 2155 409 2198 meam,
466 2141 688 2205 benigne
752 2160 835 2192 me
904 2153 1094 2207 tamen,
1151 2156 1210 2198 ut
1266 2150 1436 2200 adhuc
1503 2151 1715 2217 fecistis,

227 2219 456 2268 audiatis.

147 2306 201 2347 16
303 2300 522 2349 Primum
545 2305 700 2367 igitur
721 2312 834 2353 acta
858 2308 1081 2358 Caesaris
1112 2313 1360 2362 servanda
1382 2331 1587 2379 oculeo,
1608 2334 1712 2372 uon

229 2396 329 2444 quo
351 2382 557 2444 probem
580 2383 714 2448 (quis
737 2390 872 2434 enim
897 2388 948 2436 id
974 2392 1180 2454 quidem
1205 2402 1379 2457 potest
1390 2396 1452 2463 Ρ),
1485 2398 1576 2450 sed
1593 2405 1714 2466 qnia

229 2465 476 2510 rationem
522 2463 807 2515 habendam
851 2475 1069 2521 maxime
1114 2476 1329 2524 arbitror
1374 2484 1513 2549 paci:
1555 2489 1713 2555 atque

227 2578 292 2625 34
