1774 2898
473 220 752 269 MARCUS
798 214 1106 267 TULLIUS
1153 210 1407 262 CICERO

199 356 383 411 anime,
423 366 618 399 summo
664 347 888 404 consilio,
929 343 1173 405 singulari
1219 339 1502 391 concordia.
1579 338 1699 391 Mea

200 428 371 470 autem
406 419 663 466 festinatio
694 434 796 464 non
831 417 1070 462 victoriae
1102 411 1265 460 solum
1297 408 1446 459 avida
1475 413 1576 469 eet,
1604 406 1697 459 aed

149 498 176 540 3
208 493 361 538 etiam
386 487 676 534 celeritatis.
748 483 865 543 Quo
888 486 1025 530 enim
1059 495 1219 545 usque
1252 483 1455 527 tantum
1487 474 1700 539 bellum,

203 564 307 605 tam
333 554 553 612 crudele,
573 560 676 601 tam
703 551 950 600 nefarium
971 544 1353 613 privatisconail
1293 542 1700 665 “esrom

202 625 371 672 bitur?
408 638 496 670 cur
517 638 619 669 non
644 636 794 685 quam
821 622 1036 684 primum
1062 615 1265 682 publica
1454 601 1499 664 it

204 692 359 739 ritas?

280 759 344 807 11.
405 757 457 805 C.
511 756 692 805 Caesar
741 754 1059 810 adulescens,
1112 767 1277 817 paene
1337 753 1509 817 potius
1558 764 1705 816 puer,

206 824 486 875 incredibili
527 842 587 872 ac
626 823 796 872 divina
836 821 1054 887 quadam
1090 826 1268 869 mente
1302 824 1461 885 atque
1495 818 1706 884 virtute,

210 902 489 953 tu1n,cum
530 896 750 940 maxime
802 890 939 938 furor
984 888 1191 938 arderet
1232 888 1447 947 Antoni,
1485 900 1707 956 eumque

209 967 317 1011 eius
356 979 386 1009 a
424 959 690 1009 Brundisio
729 957 949 1007 crudelis
988 964 1045 1007 et
1080 953 1293 1022 pestifer
1326 922 1524 1008 rodl’tu·
1555 948 1707 1009 tfin’e-

211 1038 364 1089 retur,
385 1046 479 1076 nec
499 1028 872 1093 postulantibus
897 1042 992 1075 nec
1017 1016 1707 1091 cogimtibmmwhnfl·

212 1099 305 1146 bus
344 1097 548 1161 quidem
584 1097 744 1154 nobis,
780 1098 898 1160 quia
939 1111 1041 1143 non
1084 1109 1231 1159 posse
1273 1091 1380 1142 fieri
1422 1089 1709 1152 videbatur,

212 1164 546 1214 firmissimum
593 1166 873 1213 exercitum
923 1179 987 1212 ex
1037 1164 1228 1211 invicto
1274 1175 1470 1227 genere
1510 1164 1710 1219 vetera·

213 1250 390 1282 norum
431 1232 648 1281 militum
696 1235 1005 1296 comparavit
1051 1230 1517 1295 patrimoniumque
1560 1243 1711 1280 mum

214 1301 436 1358 ecfudit;
487 1317 790 1366 quamquam
838 1316 939 1347 non
981 1315 1091 1349 sum
1136 1313 1254 1348 uaua
1292 1313 1358 1347 eo
1398 1296 1571 1358 verbo,
1608 1311 1713 1364 qu?

215 1369 400 1426 debui;
451 1386 578 1416 non·
601 1372 738 1417 enim
779 1366 1006 1425 ecfudit;
1059 1370 1110 1415 in
1155 1369 1227 1416 rei
1267 1363 1505 1432 publicae
1543 1360 1712 1422 aelate

163 1446 188 1485 4
221 1437 512 1486 conlocavit.
586 1436 676 1485 Cui
702 1452 1005 1501 quamquam
1030 1437 1194 1498 gratia
1223 1432 1402 1484 referri
1432 1437 1581 1485 tanta
1609 1449 1713 1487 non

217 1511 401 1569 potest,
436 1511 639 1585 quanta·
665 1504 901 1562 debetur,
938 1502 1175 1552 habenda
1216 1509 1391 1553 tamen
1431 1507 1516 1554 eat
1554 1493 1710 1555 tanta

216 1579 457 1637 quantam
508 1575 777 1620 maximam
829 1575 984 1620 animi
1039 1573 1198 1621 nostri
1252 1586 1437 1638 capere
1484 1574 1713 1637 potsunt.

218 1639 344 1700 Quis
376 1643 514 1689 enim
545 1647 626 1689 est
657 1646 762 1688 tam
796 1643 1001 1703 ignarus
1037 1655 1224 1699 rerum,
1253 1645 1361 1690 tam
1394 1635 1523 1690 nihil
1556 1635 1625 1690 de
1658 1652 1716 1691 re

219 1708 418 1772 publica
467 1712 713 1771 cogitans,
758 1711 845 1772 qui
898 1707 993 1756 hoc
1045 1724 1149 1756 non
1202 1675 1496 1774 intellegat,
1544 1709 1590 1757 d
1641 1704 1716 1758 Ιί.

219 1777 473 1824 Antonius
496 1794 525 1823 a
553 1774 816 1825 Brundisio
839 1793 954 1824 cum
988 1779 1049 1825 iis
1072 1778 1248 1840 copiis,
1269 1790 1399 1842 quae
1425 1790 1484 1827 ee
1513 1773 1718 1827 habitu·

219 1860 328 1892 rum
355 1845 582 1907 putabat,
605 1844 830 1902 Romam,
850 1851 907 1892 ut
931 1844 1236 1903 minabatur,
1256 1846 1430 1893 venire
1448 1845 1720 1910 potniauet,

220 1911 416 1959 nullum
434 1928 596 1975 genus
620 1928 736 1960 eum
762 1911 1079 1961 crudelitatis
1104 1915 1503 1977 praeteriturum
1524 1907 1719 1964 fuitne?

218 1982 407 2044 quippe
448 1983 533 2044 qui
575 1983 627 2027 in
675 1979 889 2044 hospitis
938 1984 1089 2029 tectis
1137 1978 1374 2030 Brundisi
1415 1973 1719 2031 fortissimo&

219 2050 349 2095 viros
400 2051 718 2112 optimosque
765 2052 899 2096 cives
945 2046 1162 2111 iugulari
1210 2050 1446 2108 iusseritz
1490 2063 1730 2116 qnorum·

218 2121 339 2163 ante
393 2114 551 2178 pedes
603 2119 711 2164 eius
763 2120 1089 2165 morientium
1143 2120 1394 2182 sanguine
1437 2130 1497 2168 ne
1546 2113 1720 2168 uxorin

219 2198 503 2246 respersum
560 2199 671 2232 esse
729 2184 1013 2235 constabat.
1092 2185 1206 2232 Hac
1264 2183 1353 2234 ille
1409 2176 1719 2239 crudelitate

221 2250 445 2299 imbutus
475 2268 590 2299 cum
622 2251 786 2300 multo
816 2253 961 2300 nobis
993 2252 1263 2301 omnibus¹
1298 2256 1500 2303 veniret
1529 2252 1719 2319 iratior,

639 2402 657 2429 ¹
683 2404 815 2444 Bonis
833 2404 1027 2445 omnibus
1044 2402 1170 2454 (Vat.
1196 2402 1328 2455 MS.)-

478 2588 493 2614 ¹
526 2588 585 2631 Of
601 2588 762 2631 Caesar
781 2589 1053 2632 Octavianus
1070 2589 1159 2631 and
1179 2588 1233 2632 D.
1258 2589 1440 2636 Brutus.
1520 2649 1521 2652 Ἴ

219 2695 311 2743 192
