1774 2898
98 607 150 646 22

447 190 727 243 MARCUS
772 187 862 237 TU
875 184 985 234 LLI
995 184 1078 233 US
1126 178 1380 232 menno

179 328 232 377 id
271 329 621 390 snspicaretur.
691 321 765 368 At
798 333 896 382 ego
930 317 1074 365 suasi.
1146 311 1357 363 Scilicet
1394 312 1439 361 iu
1468 310 1671 360 animm

180 402 291 445 erat
325 393 544 451 Milonis,
579 396 639 438 ut
671 386 910 453 prodesse
943 387 1016 433 rei
1053 380 1287 448 publicae
1320 382 1434 429 aine
1463 392 1671 429 m

180 480 282 512 non
305 467 487 526 posset.
559 458 632 505 At
652 456 870 505 laetatus
892 468 1016 501 sum.
1089 448 1228 510 Quid
1252 446 1414 514 ergo?
1446 449 1502 496 in
1520 450 1671 496 tnta

182 532 375 580 laetitia
424 532 639 575 cunctae
690 525 908 571 civitatis
957 534 1041 568 me
1093 533 1252 567 unum
1303 518 1507 566 trium
1555 527 1672 565 m

182 597 483 663 oportebat?
550 593 868 656 Quamquam
891 588 958 637 de
975 593 1140 636 morte
1158 584 1304 634 Clodi
1322 583 1426 634 suit
1438 583 1674 650 quam

182 683 283 714 non
322 667 443 713 satis
487 661 767 727 prudenter
811 658 899 706 illa
942 654 1151 722 quidem
1197 655 1481 703 contutat-
1524 649 1672 719 (qnid

183 737 317 783 enim
341 731 595 781 attinebat
615 744 744 777 nova
767 726 884 790 lege
907 727 1081 790 quaeri
1103 722 1172 772 de
1194 737 1274 781 eo,
1297 723 1388 788 qui
1410 719 1673 771 bombum

182 800 463 858 occidisset,
496 814 612 846 cum
646 801 784 845 esset
818 794 1017 857 legibus
1051 793 1285 857 quaestio
1316 786 1675 854 ωυιῦωὴῗ),

182 872 464 935 quaesitum
505 872 586 915 est
619 871 806 913 tamen.
878 860 1030 922 Quod
1065 863 1240 924 igitur,
1274 872 1391 907 cum
1432 870 1515 908 τα
1551 870 1674 923 βιο-

183 939 348 996 batur,
381 950 532 983 nemo
570 937 622 981 in
662 948 745 980 me
785 930 931 989 dixit,
966 928 1019 977 id
1054 934 1136 978 tot
1172 929 1323 976 annis
1360 929 1482 992 pout
1517 929 1579 975 tn
1618 938 1675 975 e·

184 1009 420 1053 inventus
443 1006 527 1068 qui
551 1001 781 1050 diceres?

102 1080 157 1123 23
253 1071 404 1132 Quod
439 1086 557 1118 vero
590 1068 760 1117 dicere
794 1081 943 1115 ausus
978 1080 1049 1124 ea,
1082 1063 1240 1130 idque
1278 1060 1459 1112 multia
1489 1059 1676 1122 verua,

185 1156 336 1205 opera
357 1155 470 1187 mea
494 1137 787 1201 Pompeium
809 1152 839 1182 a
863 1134 1086 1181 Caesaris
1103 1133 1328 1181 amicitia
1344 1145 1459 1181 esee
1474 1128 1676 1180 diiunc-

186 1215 297 1257 tum
336 1208 403 1255 ob
446 1221 658 1270 eamque
704 1219 903 1252 eausam
945 1201 1094 1266 culpa
1132 1215 1249 1249 mea
1289 1198 1482 1249 bellum
1527 1195 1678 1248 civile

187 1292 295 1324 esse
326 1281 519 1332 natum,
542 1278 593 1321 in
626 1288 688 1321 eo
717 1288 819 1320 non
844 1278 901 1319 tu
933 1268 1141 1335 quidem
1164 1274 1280 1318 tota
1307 1283 1382 1329 re,
1403 1265 1518 1329 aed,
1535 1264 1677 1334 qnod

187 1347 459 1391 maximum
484 1348 580 1400 est,
601 1340 913 1405 temporibus
936 1340 1128 1386 errasti.

255 1411 316 1461 X.
355 1411 465 1473 Ego
501 1409 569 1456 M.
612 1408 805 1467 Bibulo,
838 1408 1274 1472 praestantissimo
1301 1406 1432 1464 eive,
1463 1402 1678 1455 comio

187 1479 312 1527 nihil
330 1480 656 1542 praetermisi,
670 1483 915 1541 quantum
934 1475 1102 1523 facere
1122 1476 1355 1539 enitique
1371 1474 1536 1538 potui,
1554 1474 1679 1540 quin

190 1546 482 1611 Pompeium
521 1562 551 1592 a
595 1544 817 1592 Caesaris
857 1545 1216 1591 coniunctione
1261 1556 1543 1591 avocarem.
1615 1538 1680 1591 ln

193 1630 294 1679 quo
316 1614 497 1661 Caesar
520 1612 711 1661 felicior
733 1612 862 1668 fuit3
898 1615 1006 1676 ipse
1030 1613 1168 1660 enim
1191 1609 1490 1675 Pompeium
1510 1624 1543 1658 a
1565 1623 1682 1659 mea

190 1682 529 1730 familiaritate
564 1680 794 1728 diiunxit.
873 1679 1049 1728 Postea
1081 1694 1202 1728 vero
1234 1693 1390 1743 qnam
1419 1692 1478 1728 oe
1510 1682 1682 1727 totum

195 1750 460 1813 Pompeius
500 1748 694 1796 Caesari
740 1747 966 1805 tradidit,
1006 1747 1128 1812 quid
1176 1762 1276 1811 ego
1314 1745 1461 1795 illum
1505 1745 1573 1794 ab
1616 1760 1680 1795 eo

190 1817 471 1865 distrahere
522 1818 758 1864 conarer?
830 1816 985 1864 Stulti
1038 1821 1149 1863 erat
1200 1829 1419 1879 sperare,
1466 1812 1683 1863 suadere

109 1893 166 1932 24
196 1884 518 1948 impudentis.
597 1884 710 1931 Duo
732 1891 905 1932 tamen
924 1891 1155 1946 tempora
1171 1882 1481 1943 inciderunt,
1497 1882 1685 1949 quibua

191 1952 380 2016 aliquid
437 1958 612 1999 contra
668 1951 930 2000 Caesarem
988 1951 1226 2015 Pompeio
1278 1954 1557 2010 Βοιωτίαις
1621 1964 1686 2001 ea

191 2021 343 2069 velim
372 2019 731 2083 reprehendas,
756 2023 796 2067 si
822 2026 979 2083 potes.
1041 2019 1230 2078 Unum,
1254 2035 1323 2068 ne
1345 2021 1683 2086 quinquennii

193 2091 460 2151 imperium
492 2087 687 2135 Caesari
720 2093 1031 2150 prorogaret,
1062 2086 1293 2144 alterum,
1321 2103 1389 2135 ne
1420 2092 1687 2153 pateretur

247 2243 266 2271 ¹
293 2244 345 2286 T.
376 2243 548 2286 Annius
567 2242 692 2293 Milo,
715 2243 847 2284 havin
898 2242 1196 2299 accidentally
1223 2244 1269 2286 in
1295 2245 1352 2287 52
1374 2254 1461 2287 no.
1488 2249 1584 2288 met
1605 2244 1688 2288 tii·

193 2298 429 2342 turbulente
466 2297 645 2339 tribune
682 2297 731 2338 P.
761 2298 814 2340 Cl
875 2299 943 2339 ius
980 2310 1036 2338 on
1067 2298 1144 2339 the
1179 2300 1356 2354 Appian
1394 2298 1529 2355 Way,
1565 2312 1626 2343 on
1658 2311 1688 2343 a

193 2353 371 2409 quarrel
406 2353 573 2406 arising
601 2352 799 2393 between
837 2354 914 2394 the
947 2354 1196 2406 respective
1223 2359 1442 2406 servante,
1472 2354 1583 2397 alo'
1609 2354 1690 2399 tho

194 2409 387 2451 tribune.
435 2406 506 2447 He
521 2420 611 2447 was
625 2406 887 2448 afterwards
902 2407 1180 2461 prosecuted.
1223 2408 1288 2461 C„
1307 2409 1442 2465 being
1454 2407 1689 2453 over-»ved

194 2463 257 2518 by
274 2460 426 2504 armed
445 2474 558 2511 men,
582 2461 710 2502 made
728 2475 755 2502 a
774 2462 900 2503 weak
926 2461 1110 2503 defenoe
1135 2463 1181 2504 of
1206 2462 1278 2505 hi·
1300 2464 1454 2516 client,
1476 2463 1580 2508 who
1595 2476 1690 2508 'aa

194 2514 408 2560 baninhed
429 2518 478 2556 to
497 2515 712 2556 Massilia.

246 2572 264 2597 ²
292 2570 760 2623 TheLaPmnpoiaae
777 2572 821 2611 υἱ
839 2570 958 2612 0152
976 2581 1062 2614 no.
1123 2571 1170 2613 It
1186 2571 1482 2628 appliedonly
1498 2572 1683 2619 tonna

193 2652 259 2706 86
