1774 2898
189 566 258 615 M.
307 563 516 614 ‘IULLI
566 556 935 610 mcssnoms
984 555 1057 604 m
1110 554 1180 605 M
1231 532 1658 604 ANTo'wa‘

353 651 617 703 ORATIO
668 644 1074 697 PHILIPPICA
1121 624 1452 695 SECUNDA
1509 693 1514 702 ,

114 770 131 811 1
235 764 270 813 Ι.
310 762 531 823 Quoxm
557 775 671 808 meo
695 758 815 815 fato,
842 763 1010 821 patres
1024 755 1317 819 conscripti,
1333 749 1449 803 fieri
1470 750 1658 813 dicam,

165 845 224 886 ut
245 854 395 885 nemo
430 836 507 884 his
541 837 685 882 annis
716 834 892 894 viginti
921 834 991 879 rei
1018 827 1253 895 publicae
1290 825 1448 878 fuerit
1479 823 1659 887 boeth,

166 916 252 977 qui
308 927 410 959 non
479 909 668 958 bellum
727 906 908 955 eodem
970 911 1199 969 tempore
1269 900 1399 952 mihi
1449 913 1660 969 quque

168 986 440 1035 indixerit?
510 984 618 1032 Nec
652 998 771 1030 vero
804 995 1012 1029 necesse
1052 986 1135 1028 est
1168 992 1480 1045 quemquam
1510 991 1545 1026 n
1572 984 1662 1028 ne

167 1064 411 1109 nominari
428 1076 440 1118 ;
461 1060 713 1107 vobiscum
728 1060 822 1121 ipsi
837 1054 1187 1104 recordamini.
1237 1051 1368 1102 Mihi
1382 1065 1662 1119 poem

170 1136 242 1184 illi
264 1136 395 1200 plus,
419 1151 566 1200 quam
585 1140 829 1197 optaram,
853 1130 1145 1187 dedemnt3
1179 1132 1421 1190 semim,
1449 1126 1665 1191 Antoni,

170 1227 378 1276 quorum
393 1210 526 1258 facta
539 1212 752 1267 imitere,
771 1222 944 1256 eorum
959 1208 1128 1255 exitus
1140 1220 1245 1255 non
1260 1202 1663 1271 perbme

173 1287 341 1351 Atque
387 1285 483 1333 hoc
538 1287 590 1331 in
643 1282 753 1331 aliis
798 1285 965 1330 minus
1010 1280 1239 1329 mirabar.
1310 1276 1482 1329 Nemo
1525 1281 1666 1342 enim

172 1361 407 1408 illorum'
393 1361 623 1408 mimicus
657 1357 781 1406 mihi
808 1355 906 1405 fuit
940 1355 1272 1416 voluntarius,
1304 1368 1485 1406 omne·
1516 1370 1568 1405 a
1581 1368 1669 1406 me

174 1438 246 1483 rei
281 1434 510 1499 publicae
546 1449 694 1480 causa
728 1432 963 1480 lacessiti.
1035 1429 1115 1479 Tu
1149 1445 1218 1480 ne
1251 1428 1409 1480 verbo
1454 1418 1666 1498 quidem

174 1509 402 1568 violatus,
435 1515 494 1557 ut
527 1508 760 1556 audacior
791 1523 940 1572 quam
977 1505 1211 1566 Catilina,
1248 1503 1483 1555 furiosior
1513 1519 1668 1577 qum

176 1583 378 1632 Clodius
401 1582 644 1642 viderere,
669 1581 803 1630 ultro
826 1597 907 1629 me
932 1579 1218 1629 maledictis
1234 1578 1481 1631 lacessiit!
1502 1582 1669 1646 tuam-

175 1675 275 1724 que
319 1675 348 1705 a
393 1674 476 1706 me
510 1657 868 1706 alienationem
914 1655 1414 1708 commendationem
1460 1651 1557 1707 tibi
1600 1639 1670 1706 ad

176 1737 354 1797 impios
378 1736 499 1781 civis
522 1731 630 1780 fore
655 1734 908 1797 putavisti.
982 1730 1120 1791 Quid
1149 1731 1367 1797 putem?
1400 1736 1671 1798 omnsmps

177 1815 354 1856 tumne
376 1808 495 1856 me?
567 1807 681 1855 Non
699 1805 861 1865 video,
880 1822 975 1854 nec
999 1810 1050 1854 in
1077 1809 1181 1856 vita
1203 1822 1301 1856 nec
1317 1809 1372 1856 in
1389 1805 1672 1874 gramme

126 1891 150 1930 2
181 1886 234 1930 in
258 1883 406 1930 rebus
435 1885 593 1945 gestis
616 1898 712 1930 nec
741 1884 795 1928 in
827 1881 920 1930 hac
952 1897 1067 1930 mea
1089 1881 1446 1945 mediocritate
1473 1883 1672 1948 inauli

178 1957 300 2022 quid
357 1956 617 2021 despicere
673 1961 831 2021 possit
895 1958 1161 2006 Antonius.
1237 1959 1318 2007 An
1375 1960 1431 2007 in
1487 1963 1672 2008 anm

179 2031 415 2079 facillime
454 2031 520 2079 de
559 2048 644 2079 me
688 2031 887 2080 detrahi
927 2048 1073 2095 posse
1113 2032 1370 2083 credidit?
1419 2034 1511 2100 qui
1548 2030 1677 2083 oedo

180 2105 464 2153 clarissimis
487 2107 676 2153 civibus
707 2107 838 2154 bene
870 2112 1045 2169 gestae
1070 2110 1142 2155 rei
1176 2107 1410 2171 publicae
1442 2110 1674 2157 testimo-

179 2184 318 2228 nium
342 2180 530 2239 multis,
553 2180 678 2228 mihi
700 2184 788 2228 uni
811 2188 1135 2230 conservatae
1158 2181 1318 2231 dedit.
1391 2182 1475 2231 An
1497 2181 1675 2233 deoer·

179 2261 288 2303 tare
302 2271 502 2302 mecum
520 2254 678 2303 voluit
691 2258 1019 2304 contentione
1033 2255 1238 2305 dicendi
1253 2258 1273 2304 ?
1335 2256 1452 2306 Hoc
1465 2256 1675 2323 quidem

179 2335 259 2378 est
304 2329 617 2376 beneficium.
691 2329 828 2389 Quid
870 2334 1005 2378 enim
1046 2331 1266 2395 plenius,
1304 2331 1429 2398 quid
1471 2333 1678 2384 uberim

180 2420 331 2470 quam
364 2403 489 2450 mihi
524 2411 579 2452 et
612 2421 703 2468 pro
732 2422 814 2452 me
849 2412 906 2453 et
938 2412 1115 2454 contra
1150 2408 1431 2456 Antonium
1467 2406 1676 2457 diecto?

487 2591 504 2618 ¹
529 2596 599 2635 220.
624 2594 701 2636 the
719 2593 1012 2638 Catilinarian
1029 2597 1344 2651 oompinton.

181 2672 247 2738 64
