1774 2898
435 188 717 239 MARCUS
763 183 1071 235 TULLIUS
1114 177 1372 231 elcnno

164 325 214 372 ei
243 325 461 370 maxime
492 319 632 379 mihi,
655 333 868 384 quorum
902 331 1000 380 ego
1022 317 1159 363 vitae
1189 303 1539 372 consulebam,
1566 322 1665 376 cpe

165 407 402 452 victoriae
433 402 553 460 elati
581 395 916 457 obstitissent,
947 403 1007 446 ut
1036 395 1134 445 alia
1158 397 1413 455 omittam,
1431 397 1494 444 tn
1515 393 1660 444 certe

166 501 438 551 numquam
462 487 511 531 in
539 483 635 531 hoc
667 482 845 531 ordine
879 479 956 529 vel
991 482 1161 545 potius
1185 490 1466 544 numquam
1486 476 1543 528 in
1565 470 1664 527 lue

168 568 289 615 urbe
320 569 603 615 mansisses.
673 564 746 613 At
776 579 895 612 vero
918 561 1009 611 Cn.
1048 560 1257 625 Pompei
1281 557 1603 609 volumnum
1631 571 1667 607 1

166 665 248 697 me
282 648 539 697 alienabat
570 649 731 695 oratio
763 661 889 694 mea
962 644 1047 691 An
1081 641 1169 692 ille
1204 637 1606 708 quemqumpl
1711 663 1769 701 „c

168 729 362 789 dilexit,
386 746 502 778 cum
536 718 643 778 {iilo
675 735 765 777 aut
800 741 1060 777 sermones
1083 731 1175 775 aut
1204 722 1418 774 consili·
1446 728 1604 774 contu

168 799 398 876 saepius?
469 810 619 871 Quod
645 810 851 876 quidem
877 816 986 857 crat
1011 823 1271 874 magnum,
1294 805 1362 856 de
1386 818 1591 856 numm
1610 814 1670 855 re

170 893 370 957 publica
386 892 775 941 dissentientes
762 907 814 940 m
829 890 1010 940 eadem
1026 886 1401 940 consuetudine
1413 881 1670 956 ιιιιιοί819

170 990 480 1039 permanere.
554 974 680 1038 Ego,
712 973 836 1039 quid
867 972 970 1031 ille,
996 979 1053 1021 et
1079 978 1260 1022 contra
1281 970 1392 1031 1110,
1411 968 1557 1048 quid

171 1060 413 1106 sentirem
448 1064 502 1105 et
536 1061 836 1120 spectarem,
885 1054 1108 1104 videbat.
1180 1053 1311 1143 Ego
1325 983 1688 1134 {pepluuffi‘

173 1141 354 1186 civium
391 1142 625 1203 primum,
665 1142 725 1187 ut
765 1144 941 1203 postea
977 1137 1220 1200 dignitati
1259 1125 1538 1202 ροὁαιιιιί,
1578 1132 1672 1184 me

171 1223 425 1287 praesenti
457 1220 696 1284 dignitati
722 1223 890 1284 potius
914 1218 1232 1269 consulebat.
1305 1214 1491 1312 Quodr
1489 1220 1672 1270 antem

172 1303 392 1351 habebat
415 1308 645 1367 uterque,
664 1301 785 1367 quid
810 1307 1127 1366 sequeretur,
1143 1295 1339 1350 idestoo
1352 1277 1674 1362 tfflembffloe

88 1393 143 1434 39
171 1391 281 1434 erat
315 1391 486 1432 nostra
519 1384 779 1433 dissensio,
852 1382 989 1444 Quid
1016 1399 1137 1433 vero
1171 1382 1258 1432 me
1293 1380 1569 1448 tingnhrb
1590 1383 1670 1432 vit

172 1484 231 1516 ac
254 1482 415 1531 paene
448 1465 647 1514 divinus
671 1466 737 1514 de
763 1482 844 1514 me
873 1469 1107 1524 senserit,
1131 1468 1318 1526 sciunt,
1339 1467 1431 1531 qui
1452 1478 1574 1515 eum
1600 1462 1675 1515 ‘de

180 1547 430 1596 Pharsalia
465 1547 585 1611 fuga
622 1547 846 1612 Paphum
884 1551 1137 1612 persecuti
1173 1551 1309 1597 sunt.
1381 1545 1675 1614 Numquim

175 1630 240 1678 ab
285 1646 346 1678 eo
390 1633 584 1677 mentio
629 1629 695 1678 de
752 1646 835 1677 me
894 1633 989 1678 nisi
1037 1628 1327 1689 honorifica,
1374 1630 1473 1679 nisi
1519 1625 1677 1695 pleno

174 1714 458 1760 amicissimi
492 1709 748 1771 desiderii,
772 1729 886 1760 cum
924 1729 1005 1761 me
1042 1711 1225 1761 vidisse
1252 1710 1368 1776 plus
1402 1708 1676 1773 sueretu,

176 1810 230 1842 se
275 1797 552 1858 speravisse
599 1793 820 1842 meliora.
894 1793 963 1842 Et
1020 1797 1130 1843 eius
1189 1797 1282 1842 viri
1310 1779 1540 1844 'nomine
1587 1808 1675 1844 ue

176 1859 412 1924 insectari
444 1875 616 1934 audes,
649 1879 791 1924 cuius
816 1892 896 1924 me
920 1879 1158 1936 amicum,
1187 1882 1243 1925 te
1275 1854 1533 1926 &effrem
1563 1890 1678 1926 ene

179 1956 406 2004 fateare?

246 2038 382 2086 XVI.
420 2037 523 2086 Sed
579 2024 845 2087 omittatur
891 2039 1082 2121 bellum
1141 2038 1285 2101 illud,
1342 2042 1399 2089 in
1455 2054 1559 2107 quo
1614 2044 1675 2090 tu

179 2106 390 2168 nimium
413 2099 535 2168 feiix
555 2119 711 2172 fuisti.
772 2121 852 2170 Ne
879 2121 982 2170 de
968 2103 1090 2170 iocis
1107 2121 1318 2186 quidem
1336 2119 1679 2187 mpondebo,

179 2202 361 2266 quibus
376 2218 460 2250 me
478 2205 531 2249 in
549 2206 723 2251 castris
740 2219 883 2251 usum
901 2220 1011 2251 esse
1030 2203 1217 2253 dixisti.
1290 2202 1454 2254 Erant
1468 2202 1681 2270 quidem

156 2283 297 2331 illa
299 2267 474 2333 eastra
529 2283 682 2347 plena
704 2301 884 2340 curae;
954 2301 1129 2333 verum
1187 2292 1364 2335 tamen
1421 2285 1676 2346 homines,

178 2356 406 2430 quamvis
450 2364 502 2410 in
549 2364 764 2413 turbidis
822 2367 972 2414 rebus
1018 2370 1138 2427 sint,
1196 2373 1391 2429 tamen,
1438 2369 1480 2417 si
1525 2366 1681 2417 modo

90 2454 150 2495 40
179 2445 411 2494 homines
447 2452 583 2507 sunt,
619 2447 877 2495 interdum
924 2451 1104 2496 animis
1146 2428 1452 2499 relaxantur.
1524 2447 1678 2510 Quod

176 2534 369 2598 autem
368 2504 527 2576 id'em
572 2510 877 2577 maestitiam
920 2546 1084 2578 meam
1127 2531 1476 2595 reprehendit,
1538 2530 1680 2582 idem

149 2330 172 2370 k

184 2655 274 2688 102
