1774 2898
422 208 703 258 MARCUS
748 204 1053 256 TULLIUS
1100 200 1355 252 menno
1415 222 1418 226 “

153 360 295 391 orum
320 346 426 390 iure
450 340 654 388 turbato
677 336 948 385 Casilinum
971 333 1220 382 coloniam
1243 329 1523 388 deduxisti,
1540 342 1646 396 qno

157 418 266 460 erat
290 412 459 474 paucis
481 411 627 455 annis
656 412 778 453 ante
803 403 1042 460 deducta,
1065 407 1124 449 ut
1147 398 1389 449 vexillum
1418 395 1645 455 vollem,

157 485 215 526 ut
253 485 471 525 aratrum
519 472 950 528 circumduceres;
1008 473 1150 518 cuius
1189 466 1400 534 quidem
1441 478 1647 516 vomere

159 553 351 610 portam
413 544 613 607 Capuae
670 556 834 605 paene
892 539 1248 604 perstrinxisti,
1305 540 1367 585 ut
1420 530 1650 583 florenti·

58 621 138 662 103
163 613 384 661 coloniae
430 613 739 659 territorium
786 611 1115 655 minueretur.
1189 604 1273 653 Ab
1308 602 1403 652 hae
1449 606 1649 668 pertu-

163 682 363 728 batione
378 678 675 742 religionum
691 675 894 724 advolas
913 678 964 722 in
988 674 1055 721 Μ.
1079 672 1333 731 Varronis,
1345 670 1651 721 amu-imi

159 756 311 813 atque
330 748 644 810 integerrimi
663 747 772 802 viri,
792 742 1006 791 fundum
1024 741 1328 789 Casinatem.
1389 736 1510 799 Quo
1525 740 1651 796 lum

160 833 259 880 quo
281 817 402 863 ore?
471 819 503 842 “
523 811 765 870 Eodem,”
790 814 1005 876 inquies,
1030 815 1060 838 ‘⁴
1079 825 1182 874 quo
1215 811 1268 856 in
1305 804 1555 858 heredum
1589 802 1650 855 L.

167 884 335 942 Rubri,
369 898 469 947 quo
504 884 555 929 in
593 879 841 928 heredum
879 878 935 926 1...
972 876 1171 926 Turseli
1206 874 1430 941 praedlg
1597 875 1654 924 ln

164 952 380 1015 reliquas
403 947 794 997 innumerabiles
826 944 1209 1012 possessiones-'⁸
1246 943 1316 993 Et
1337 946 1381 993 si
1400 942 1471 992 ab

164 1019 329 1067 valeat
347 1018 503 1075 basta,
522 1016 723 1065 valeant
737 1014 957 1071 tabulae,
973 1013 1125 1062 modo
1148 1012 1391 1070 Caesaris,
1411 1026 1518 1062 uon
1533 1015 1657 1062 tu

165 1087 344 1151 quibus
399 1085 638 1142 debuisti,
717 1100 819 1131 non
877 1084 1060 1147 quibus
1117 1088 1173 1130 tu
1245 1087 1302 1130 te
1358 1077 1656 1130 llbenvffl.

168 1155 401 1202 Varronis
447 1152 653 1217 quidem
700 1151 987 1199 Casinatem
1036 1149 1252 1198 fundum
1295 1151 1413 1214 qui·
1456 1149 1658 1198 veni-e

166 1222 307 1280 dicit,
329 1225 439 1285 quis
463 1220 656 1268 hastam
681 1223 824 1268 istius
848 1218 1155 1267 venditionis
1178 1216 1323 1277 vidit,
1345 1218 1461 1283 qui·
1482 1229 1658 1266 vocem

168 1292 424 1353 praeconis
469 1288 698 1336 audivit?
772 1286 968 1335 Misisse
1016 1292 1071 1335 te
1106 1285 1236 1334 dicis
1275 1282 1660 1343 Alexandrian,

168 1361 253 1421 qui
309 1363 505 1405 emeret
558 1373 589 1404 a
645 1355 892 1412 Caesare;
950 1357 1115 1419 ipsum
1186 1355 1324 1403 enim
1383 1368 1446 1402 ex

70 1430 146 1472 104
169 1441 406 1488 magnum
442 1424 552 1472 fuit.
624 1422 750 1482 Quis
789 1438 907 1470 vero
939 1421 1134 1471 audivit
1170 1436 1410 1487 umquam
1468 1418 1659 1471 nulllus

169 1499 337 1540 autem
363 1491 494 1540 salus
518 1507 666 1539 curae
691 1491 918 1554 pluribus
943 1490 1062 1554 fuit)
1085 1489 1150 1539 de
1174 1488 1394 1539 fortuni·
1461 1489 1656 1538 amal·

168 1577 275 1608 rem
301 1559 452 1607 ullam
475 1575 584 1607 esse
608 1558 925 1606 detractam?
996 1558 1172 1617 Quid?
1208 1561 1250 1607 sl
1274 1560 1433 1607 efflm
1454 1558 1661 1621 nerlpdt

168 1628 233 1675 ad
261 1635 316 1675 te
348 1627 543 1685 Caesar,
574 1633 633 1674 ut
660 1626 917 1684 redderes,
948 1625 1072 1690 quid
1108 1629 1230 1674 satis
1254 1630 1429 1691 potest
1456 1623 1560 1675 did
1593 1623 1663 1674 de

169 1702 312 1743 tanta
346 1694 696 1757 impudentia?
770 1694 987 1742 Remove
1012 1693 1206 1757 gladios
1241 1708 1514 1759 parumper
1531 1690 1665 1753 illos,

170 1779 294 1827 quos
341 1762 597 1819 videmus;
648 1765 746 1809 iam
794 1761 1066 1825 intelleges
1110 1762 1260 1812 aliam
1300 1777 1505 1812 musam
1550 1775 1664 1811 eae

174 1830 345 1878 hastae
392 1830 631 1888 Caesaris,
675 1829 823 1877 aliam
865 1830 1204 1879 confidentiae
1254 1836 1310 1879 et
1355 1832 1665 1880 mertuu-

174 1905 321 1954 tuae3
358 1914 461 1944 non
492 1901 629 1945 enim
655 1903 707 1945 te
742 1897 977 1946 dominus
1010 1898 1160 1947 modo
1194 1898 1294 1947 illis
1327 1896 1665 1958 sedibun,ned

171 1969 332 2030 quivis
355 1969 559 2023 amicus,
585 1968 791 2023 vicinus,
817 1965 1000 2029 hospes
1022 1973 1316 2030 procurator
1335 1966 1547 2016 arcebst.

240 2033 376 2082 XLI.
414 2033 486 2081 At
519 2049 671 2097 quam
706 2033 892 2081 multos
926 2034 1111 2082 diesin
1136 2051 1197 2083 ea
1220 2033 1339 2083 villa
1372 2040 1430 2084 tu

171 2116 225 2148 es
260 2100 654 2164 perbacchatus!
729 2102 810 2148 Ab
846 2101 967 2149 hora
1000 2106 1155 2151 tertia
1200 2102 1488 2163 bibebatur,
1521 2099 1667 2151 lude·

168 2169 332 2226 batur,
390 2169 697 2216 vomebatur.
770 2168 817 2216 O
877 2176 1015 2218 tecta
1071 2173 1181 2235 ipsa
1231 2174 1416 2219 misera
1466 2175 1668 2237 “qm

229 2310 246 2336 ²
273 2311 490 2353 Colonists
520 2311 761 2364 proceeded
795 2316 843 2352 to
880 2312 958 2353 the
988 2314 1073 2354 site
1105 2314 1153 2355 of
1187 2314 1267 2356 the
1298 2327 1397 2357 new
1428 2312 1590 2368 colony
1617 2313 1667 2357 h

172 2365 370 2418 military
398 2378 529 2418 array
559 2367 650 2417 (sub
674 2367 853 2415 nullo),
877 2367 965 2407 and
995 2368 1072 2408 the
1101 2367 1365 2412 boundaries
1390 2369 1439 2412 οἱ
1464 2368 1546 2412 th·
1569 2380 1670 2413 m

166 2421 260 2499 cit,y
279 2432 395 2460 were
413 2418 596 2460 marked
614 2426 695 2461 out
712 2420 770 2474 by
792 2420 866 2461 the
885 2421 1061 2476 plough.

272 2475 458 2515 Tabulae
484 2474 523 2514 is
562 2474 667 2515 used
705 2475 750 2515 in
784 2480 875 2515 two
910 2489 1070 2525 semes,
1107 2479 1328 2519 “auction
1366 2490 1420 2519 αι
1573 2475 1667 2530 σι’·

165 2528 253 2569 and
284 2541 333 2568 so
365 2529 631 2578 “nuntiem''
665 2529 752 2569 and
791 2532 1045 2572 “accounts
1062 2532 1083 2549 '²
1116 2532 1180 2583 (of
1211 2533 1289 2574 the
1320 2545 1478 2588 money
1584 2530 1667 2575 tho

166 2583 347 2636 Temple
361 2582 408 2624 of
427 2581 548 2636 Ops).

170 2662 264 2712 166
