1774 2898
94 338 146 381 13

99 1508 153 1549 14

446 200 731 250 MARCUS
779 200 871 248 TU
883 197 1089 246 LLIUS
1136 192 1391 244 CICERO

241 332 348 380 Nec
365 348 483 379 vero
499 330 565 378 de
586 333 790 387 virtute,
803 330 1106 384 constantia,
1118 327 1373 389 gravitate
1388 324 1679 389 provintiae

178 410 374 457 Galliae
395 412 552 457 taceri
576 413 760 471 potest.
834 405 927 454 Est
949 407 1087 453 enim
1107 402 1197 452 ille
1219 401 1311 451 flos
1335 397 1677 463 lum-,ssiud

179 488 548 535 firmamentum
596 488 793 550 imperii
842 482 1016 548 populi
1069 481 1297 541 Romani,
1348 477 1480 530 mad
1530 492 1679 530 m·

179 572 408 613 mentum
454 564 734 628 dignitatis.
806 561 1002 610 Tantus
1047 566 1221 609 autem
1269 563 1353 609 eut
1402 571 1682 620 centenum

179 646 563 708 municipiorum
599 641 1010 705 coloniarumque
1046 640 1336 705 provinciae
1372 634 1591 699 Galliae,
1621 641 1683 688 nt

178 738 354 769 omnes
375 720 440 769 ad
463 724 820 768 auctoritatem
854 718 1004 767 huius
1034 716 1227 767 ordini·
1256 718 1682 783 manuumque

180 799 351 863 populi
392 799 600 846 Romani
636 795 1017 846 defendendam
1050 798 1366 860 conspirante
1394 792 1679 847 videant-m

181 877 346 937 Quam
370 878 436 925 ob
459 894 584 935 rem,
609 876 799 924 tribuni
824 874 912 940 pl„
935 889 1243 940 quamquam
1266 888 1355 923 vo·
1378 871 1509 923 nunu
1541 870 1680 923 uliud

181 959 277 1003 nisi
301 955 366 1003 de
391 955 658 1019 praesidio,
681 961 739 1003 ut
762 960 995 1003 senatum
1020 959 1138 1001 tuto
1167 949 1404 1001 consule·
1438 948 1685 1002 Kalendis

185 1033 426 1081 Ianuariis
471 1033 659 1081 habere
706 1038 932 1097 possent,
986 1030 1276 1091 rettulistis,
1328 1035 1507 1081 umen
1556 1027 1684 1081 nnn

182 1110 423 1159 videmini
445 1128 631 1175 magno
654 1110 863 1159 consilio
880 1117 1035 1176 atque
1053 1112 1246 1175 optima
1265 1113 1443 1159 mente
1459 1112 1685 1176 potetu-

181 1195 288 1237 tem
312 1190 455 1238 nobis
487 1189 553 1238 de
586 1196 695 1239 tota
727 1206 781 1238 re
814 1188 1016 1254 publica
1050 1186 1230 1237 fecisse
1261 1184 1487 1239 dicendi.
1555 1184 1684 1239 Cum

182 1271 318 1315 enim
354 1274 469 1316 tuto
503 1267 676 1316 haberi
707 1274 942 1316 senatum
975 1270 1086 1315 sine
1118 1264 1373 1331 praesidio
1400 1281 1507 1317 non
1537 1280 1687 1332 pone

182 1346 505 1403 iudicavistis,
530 1353 639 1395 tum
664 1350 915 1394 statuistis
938 1349 1093 1395 etiam
1120 1348 1254 1394 intra
1284 1358 1458 1396 murm
1487 1342 1687 1395 Antoni

182 1423 347 1471 scelus
370 1424 732 1489 audaciamque
757 1428 956 1472 versari.

243 1501 331 1550 vl.
369 1501 535 1561 Quam
560 1502 625 1549 ob
651 1519 756 1551 rem
776 1506 946 1550 omnia
964 1518 1077 1550 mea
1095 1504 1358 1551 sententia
1374 1500 1689 1570 complectar

184 1580 341 1639 vobis,
363 1587 421 1628 ut
444 1580 706 1644 intellego,
733 1598 835 1628 non
861 1584 1049 1638 invitis»,
1075 1588 1132 1629 ut
1156 1587 1213 1630 et
1236 1582 1689 1647 piaculumst

183 1657 394 1705 ducibus
425 1676 455 1705 a
486 1659 630 1707 nobis
662 1658 815 1707 detur
845 1662 1120 1709 auctoritas
1152 1665 1210 1708 et
1241 1658 1528 1712 fortissimis
1556 1658 1688 1711 mm·

183 1736 318 1784 tibus
352 1752 468 1800 spes
503 1736 803 1786 ostendatur
837 1741 1176 1802 praemiorum
1209 1744 1265 1787 et
1297 1734 1555 1789 iudicetur
1582 1754 1688 1791 nm

182 1814 352 1873 verbo,
374 1814 464 1862 sed
490 1831 545 1863 re
570 1832 671 1863 non
696 1815 848 1864 modo
872 1832 973 1864 non
1000 1816 1197 1874 consul,
1218 1815 1312 1866 sed
1335 1819 1495 1867 etim
1526 1815 1689 1869 bottis

181 1891 451 1944 Antonius,
522 1893 668 1952 Nam,
686 1897 726 1942 si
752 1893 838 1942 ille
856 1893 1049 1953 consul,
1068 1894 1371 1943 fustuarium
1388 1901 1690 1946 meruerunt

181 1970 422 2033 legiones,
487 1987 617 2035 quae
681 1972 940 2020 consulem
1012 1972 1348 2038 reliquerunt,
1410 1972 1691 2024 melereto·

182 2047 377 2106 Caesar,
403 2047 588 2097 Brutus
613 2049 851 2109 nefarius,
875 2054 961 2116 qui
986 2057 1164 2099 contra
1196 2049 1458 2101 consulem
1489 2054 1691 2119 privato

189 2125 398 2172 consilio
422 2131 674 2175 exercitus
692 2135 1108 2192 conparaverunt.
1170 2128 1222 2178 Si
1240 2136 1416 2180 autem
1439 2129 1690 2190 militibus

177 2204 476 2268 exquirendi
499 2212 620 2253 sunt
644 2205 860 2255 honores
885 2211 998 2255 novi
1024 2214 1235 2272 propter
1256 2224 1433 2258 eorum
1455 2206 1685 2262 divinum

175 2288 330 2345 atque
355 2283 642 2331 immortale
674 2289 934 2344 meritum,
958 2285 1174 2335 ducibus
1196 2293 1372 2336 autem
1404 2302 1474 2336 ne
1501 2285 1684 2342 Referri

174 2359 381 2422 quidem
406 2366 578 2423 potest
599 2366 778 2424 gratia,
803 2367 915 2427 quis
940 2372 1035 2423 est,
1061 2368 1149 2429 qui
1181 2380 1301 2413 eum
1335 2364 1541 2416 hostem
1568 2381 1676 2417 nou

174 2440 447 2496 existimet,
483 2454 635 2502 quem
672 2443 757 2503 qui
796 2446 947 2490 armis
988 2449 1380 2509 persequantur,
1412 2458 1681 2495 consena—

171 2521 310 2562 tores
334 2519 407 2563 rei
431 2515 663 2580 publicae
689 2518 1015 2569 iudicentur?

169 2653 265 2691 202
