<?xml version="1.0" encoding="UTF-8"?>
<!DOCTYPE html PUBLIC "-//W3C//DTD XHTML 1.0 Transitional//EN"
    "http://www.w3.org/TR/xhtml1/DTD/xhtml1-transitional.dtd">
<html xmlns="http://www.w3.org/1999/xhtml" xml:lang="en" lang="en">
 <head>
  <title>
</title>
<meta http-equiv="Content-Type" content="text/html;charset=utf-8" />
  <meta name='ocr-system' content='tesseract 3.04.00' />
  <meta name='ocr-capabilities' content='ocr_page ocr_carea ocr_par ocr_line ocrx_word'/>
</head>
<body>
  <div class='ocr_page' id='page_1' title='image "./philippics00ciceuoft_0222.png"; bbox 0 0 1774 2898; ppageno 0'>
   <div class='ocr_carea' id='block_1_1' title="bbox 71 772 117 814">
    <p class='ocr_par' dir='ltr' id='par_1_1' title="bbox 71 772 117 814">
     <span class='ocr_line' id='line_1_1' title="bbox 71 772 117 814; baseline 0.065 -3"><span class='ocrx_word' id='word_1_1' title='bbox 71 772 117 814; x_wconf 90' lang='grc'><strong>17</strong></span> 
     </span>
    </p>
   </div>
   <div class='ocr_carea' id='block_1_2' title="bbox 74 1896 125 1937">
    <p class='ocr_par' dir='ltr' id='par_1_2' title="bbox 74 1896 125 1937">
     <span class='ocr_line' id='line_1_2' title="bbox 74 1896 125 1937; baseline 0.02 -1"><span class='ocrx_word' id='word_1_2' title='bbox 74 1896 125 1937; x_wconf 89' lang='grc'><strong>18</strong></span> 
     </span>
    </p>
   </div>
   <div class='ocr_carea' id='block_1_3' title="bbox 417 171 1359 230">
    <p class='ocr_par' dir='ltr' id='par_1_3' title="bbox 417 171 1359 230">
     <span class='ocr_line' id='line_1_3' title="bbox 417 171 1359 230; baseline -0.011 1"><span class='ocrx_word' id='word_1_3' title='bbox 417 179 701 230; x_wconf 82' lang='lat' dir='ltr'>MARCUS</span> <span class='ocrx_word' id='word_1_4' title='bbox 747 174 1056 228; x_wconf 78' lang='lat' dir='ltr'>TULLIUS</span> <span class='ocrx_word' id='word_1_5' title='bbox 1102 171 1359 224; x_wconf 79' lang='lat' dir='ltr'>CICERO</span> 
     </span>
    </p>
   </div>
   <div class='ocr_carea' id='block_1_4' title="bbox 145 306 1669 2335">
    <p class='ocr_par' dir='ltr' id='par_1_4' title="bbox 145 306 1661 1499">
     <span class='ocr_line' id='line_1_4' title="bbox 145 306 1648 382; baseline -0.009 -17"><span class='ocrx_word' id='word_1_6' title='bbox 145 320 232 382; x_wconf 92' lang='lat' dir='ltr'><strong>qui</strong></span> <span class='ocrx_word' id='word_1_7' title='bbox 307 320 512 379; x_wconf 86' lang='lat' dir='ltr'><strong>propter</strong></span> <span class='ocrx_word' id='word_1_8' title='bbox 581 311 938 359; x_wconf 72' lang='lat' dir='ltr'><strong>haesitantiam</strong></span> <span class='ocrx_word' id='word_1_9' title='bbox 1009 306 1215 370; x_wconf 85' lang='lat' dir='ltr'><strong>linguae</strong></span> <span class='ocrx_word' id='word_1_10' title='bbox 1283 309 1648 370; x_wconf 62' lang='lat' dir='ltr'><strong>nuperumque</strong></span> 
     </span>
     <span class='ocr_line' id='line_1_5' title="bbox 148 377 1651 452; baseline -0.008 -12"><span class='ocrx_word' id='word_1_11' title='bbox 148 390 311 440; x_wconf 89' lang='lat' dir='ltr'><strong>cordis</strong></span> <span class='ocrx_word' id='word_1_12' title='bbox 340 402 621 452; x_wconf 84' lang='lat' dir='ltr'><strong>cognomen</strong></span> <span class='ocrx_word' id='word_1_13' title='bbox 658 401 722 433; x_wconf 82' lang='lat' dir='ltr'><strong>ex</strong></span> <span class='ocrx_word' id='word_1_14' title='bbox 750 380 1061 432; x_wconf 86' lang='lat' dir='ltr'><strong>contumelia</strong></span> <span class='ocrx_word' id='word_1_15' title='bbox 1085 382 1312 430; x_wconf 63' lang='lat' dir='ltr'><strong>unxerit.</strong></span> <span class='ocrx_word' id='word_1_16' title='bbox 1382 377 1509 429; x_wconf 74' lang='lat' dir='ltr'><strong>“At</strong></span> <span class='ocrx_word' id='word_1_17' title='bbox 1522 392 1651 429; x_wconf 63' lang='lat' dir='ltr'><strong>om</strong></span> 
     </span>
     <span class='ocr_line' id='line_1_6' title="bbox 148 450 1653 521; baseline -0.009 -7"><span class='ocrx_word' id='word_1_18' title='bbox 148 463 377 514; x_wconf 83' lang='lat' dir='ltr'><strong>nobilis.&#39;&#39;</strong></span> <span class='ocrx_word' id='word_1_19' title='bbox 447 461 732 509; x_wconf 86' lang='lat' dir='ltr'><strong>Tuditanus</strong></span> <span class='ocrx_word' id='word_1_20' title='bbox 767 472 953 521; x_wconf 80' lang='lat' dir='ltr'><strong>nempe</strong></span> <span class='ocrx_word' id='word_1_21' title='bbox 986 455 1092 514; x_wconf 85' lang='lat' dir='ltr'><strong>ille,</strong></span> <span class='ocrx_word' id='word_1_22' title='bbox 1132 457 1220 520; x_wconf 81' lang='lat' dir='ltr'><strong>qui</strong></span> <span class='ocrx_word' id='word_1_23' title='bbox 1261 469 1380 503; x_wconf 78' lang='lat' dir='ltr'><strong>cum</strong></span> <span class='ocrx_word' id='word_1_24' title='bbox 1417 450 1557 519; x_wconf 63' lang='lat' dir='ltr'><strong>&#39;nlla</strong></span> <span class='ocrx_word' id='word_1_25' title='bbox 1593 458 1653 504; x_wconf 70' lang='lat' dir='ltr'><strong>ot</strong></span> 
     </span>
     <span class='ocr_line' id='line_1_7' title="bbox 149 526 1648 598; baseline -0.006 -10"><span class='ocrx_word' id='word_1_26' title='bbox 149 539 408 588; x_wconf 79' lang='lat' dir='ltr'><strong>cothurnis</strong></span> <span class='ocrx_word' id='word_1_27' title='bbox 431 550 664 584; x_wconf 90' lang='lat' dir='ltr'><strong>nummos</strong></span> <span class='ocrx_word' id='word_1_28' title='bbox 689 532 877 598; x_wconf 84' lang='lat' dir='ltr'><strong>populo</strong></span> <span class='ocrx_word' id='word_1_29' title='bbox 899 531 966 579; x_wconf 89' lang='lat' dir='ltr'><strong>de</strong></span> <span class='ocrx_word' id='word_1_30' title='bbox 986 533 1161 578; x_wconf 72' lang='lat' dir='ltr'><strong>rostris</strong></span> <span class='ocrx_word' id='word_1_31' title='bbox 1178 542 1421 594; x_wconf 70' lang='lat' dir='ltr'><strong>spargere</strong></span> <span class='ocrx_word' id='word_1_32' title='bbox 1435 526 1648 579; x_wconf 63' lang='lat' dir='ltr'><strong>nolebat.</strong></span> 
     </span>
     <span class='ocr_line' id='line_1_8' title="bbox 150 601 1653 671; baseline -0.005 -11"><span class='ocrx_word' id='word_1_33' title='bbox 150 613 346 662; x_wconf 89' lang='lat' dir='ltr'><strong>Vellem</strong></span> <span class='ocrx_word' id='word_1_34' title='bbox 395 611 524 658; x_wconf 78' lang='lat' dir='ltr'><strong>lianc</strong></span> <span class='ocrx_word' id='word_1_35' title='bbox 579 610 1016 671; x_wconf 78' lang='lat' dir='ltr'><strong>contemptionem</strong></span> <span class='ocrx_word' id='word_1_36' title='bbox 1073 606 1325 671; x_wconf 83' lang='lat' dir='ltr'><strong>pecuniae</strong></span> <span class='ocrx_word' id='word_1_37' title='bbox 1377 605 1483 653; x_wconf 73' lang='lat' dir='ltr'><strong>suls</strong></span> <span class='ocrx_word' id='word_1_38' title='bbox 1534 601 1653 653; x_wconf 67' lang='lat' dir='ltr'><strong>neli-</strong></span> 
     </span>
     <span class='ocr_line' id='line_1_9' title="bbox 149 676 1650 754; baseline -0.006 -17"><span class='ocrx_word' id='word_1_39' title='bbox 149 687 369 754; x_wconf 78' lang='lat' dir='ltr'><strong>quisset!</strong></span> <span class='ocrx_word' id='word_1_40' title='bbox 444 685 662 733; x_wconf 77' lang='lat' dir='ltr'><strong>Habetis</strong></span> <span class='ocrx_word' id='word_1_41' title='bbox 722 682 1043 730; x_wconf 81' lang='lat' dir='ltr'><strong>nobilitatem</strong></span> <span class='ocrx_word' id='word_1_42' title='bbox 1100 681 1308 745; x_wconf 71' lang='lat' dir='ltr'><strong>generis</strong></span> <span class='ocrx_word' id='word_1_43' title='bbox 1364 676 1650 745; x_wconf 65' lang='lat' dir='ltr'><strong>glorio-m.</strong></span> 
     </span>
     <span class='ocr_line' id='line_1_10' title="bbox 146 750 1655 823; baseline -0.005 -12"><span class='ocrx_word' id='word_1_44' title='bbox 146 763 247 823; x_wconf 84' lang='lat' dir='ltr'><strong>Qui</strong></span> <span class='ocrx_word' id='word_1_45' title='bbox 284 768 455 810; x_wconf 88' lang='lat' dir='ltr'><strong>autem</strong></span> <span class='ocrx_word' id='word_1_46' title='bbox 495 762 687 818; x_wconf 87' lang='lat' dir='ltr'><strong>evenit,</strong></span> <span class='ocrx_word' id='word_1_47' title='bbox 724 764 782 806; x_wconf 92' lang='lat' dir='ltr'><strong>ut</strong></span> <span class='ocrx_word' id='word_1_48' title='bbox 818 756 912 805; x_wconf 86' lang='lat' dir='ltr'><strong>tibi</strong></span> <span class='ocrx_word' id='word_1_49' title='bbox 954 757 982 822; x_wconf 83' lang='lat'><em>†</em></span> <span class='ocrx_word' id='word_1_50' title='bbox 1027 754 1155 803; x_wconf 79' lang='lat' dir='ltr'><strong>Iulia</strong></span> <span class='ocrx_word' id='word_1_51' title='bbox 1191 753 1375 804; x_wconf 77' lang='lat' dir='ltr'><strong>natus¹</strong></span> <span class='ocrx_word' id='word_1_52' title='bbox 1413 750 1655 820; x_wconf 70' lang='lat' dir='ltr'><strong>ignobilia</strong></span> 
     </span>
     <span class='ocr_line' id='line_1_11' title="bbox 150 825 1656 895; baseline -0.005 -10"><span class='ocrx_word' id='word_1_53' title='bbox 150 837 397 895; x_wconf 88' lang='lat' dir='ltr'><strong>videatur,</strong></span> <span class='ocrx_word' id='word_1_54' title='bbox 444 850 558 882; x_wconf 93' lang='lat' dir='ltr'><strong>cum</strong></span> <span class='ocrx_word' id='word_1_55' title='bbox 607 840 662 882; x_wconf 93' lang='lat' dir='ltr'><strong>tu</strong></span> <span class='ocrx_word' id='word_1_56' title='bbox 721 830 901 880; x_wconf 89' lang='lat' dir='ltr'><strong>eodem</strong></span> <span class='ocrx_word' id='word_1_57' title='bbox 957 836 1191 879; x_wconf 84' lang='lat' dir='ltr'><strong>materno</strong></span> <span class='ocrx_word' id='word_1_58' title='bbox 1243 843 1438 894; x_wconf 81' lang='lat' dir='ltr'><strong>genere</strong></span> <span class='ocrx_word' id='word_1_59' title='bbox 1490 825 1656 879; x_wconf 68' lang='lat' dir='ltr'><strong>soleas</strong></span> 
     </span>
     <span class='ocr_line' id='line_1_12' title="bbox 152 900 1655 977; baseline -0.004 -17"><span class='ocrx_word' id='word_1_60' title='bbox 152 912 388 977; x_wconf 87' lang='lat' dir='ltr'><strong>gloriari?</strong></span> <span class='ocrx_word' id='word_1_61' title='bbox 460 908 605 969; x_wconf 88' lang='lat' dir='ltr'><strong>Quae</strong></span> <span class='ocrx_word' id='word_1_62' title='bbox 671 924 820 973; x_wconf 88' lang='lat' dir='ltr'><strong>porro</strong></span> <span class='ocrx_word' id='word_1_63' title='bbox 881 908 1108 955; x_wconf 84' lang='lat' dir='ltr'><strong>amentia</strong></span> <span class='ocrx_word' id='word_1_64' title='bbox 1166 910 1249 955; x_wconf 81' lang='lat' dir='ltr'><strong>eat</strong></span> <span class='ocrx_word' id='word_1_65' title='bbox 1306 918 1426 955; x_wconf 75' lang='lat' dir='ltr'><strong>eum</strong></span> <span class='ocrx_word' id='word_1_66' title='bbox 1481 900 1655 954; x_wconf 65' lang='lat' dir='ltr'><strong>dicem</strong></span> 
     </span>
     <span class='ocr_line' id='line_1_13' title="bbox 150 975 1656 1051; baseline -0.003 -16"><span class='ocrx_word' id='word_1_67' title='bbox 150 985 339 1051; x_wconf 90' lang='lat' dir='ltr'><strong>aliquid</strong></span> <span class='ocrx_word' id='word_1_68' title='bbox 378 984 444 1033; x_wconf 92' lang='lat' dir='ltr'><strong>de</strong></span> <span class='ocrx_word' id='word_1_69' title='bbox 483 999 693 1032; x_wconf 83' lang='lat' dir='ltr'><strong>uxorum</strong></span> <span class='ocrx_word' id='word_1_70' title='bbox 734 980 1074 1046; x_wconf 80' lang='lat' dir='ltr'><strong>ignobilitate,</strong></span> <span class='ocrx_word' id='word_1_71' title='bbox 1111 982 1255 1029; x_wconf 80' lang='lat' dir='ltr'><strong>euius</strong></span> <span class='ocrx_word' id='word_1_72' title='bbox 1290 984 1440 1046; x_wconf 72' lang='lat' dir='ltr'><strong>pater</strong></span> <span class='ocrx_word' id='word_1_73' title='bbox 1478 975 1656 1030; x_wconf 74' lang='lat' dir='ltr'><strong>Numl-</strong></span> 
     </span>
     <span class='ocr_line' id='line_1_14' title="bbox 152 1052 1660 1123; baseline -0.004 -12"><span class='ocrx_word' id='word_1_74' title='bbox 152 1065 332 1111; x_wconf 88' lang='lat' dir='ltr'><strong>toriam</strong></span> <span class='ocrx_word' id='word_1_75' title='bbox 402 1058 772 1123; x_wconf 75' lang='lat' dir='ltr'><strong>fregellanam,</strong></span> <span class='ocrx_word' id='word_1_76' title='bbox 842 1055 1116 1122; x_wconf 75' lang='lat' dir='ltr'><strong>proditoris</strong></span> <span class='ocrx_word' id='word_1_77' title='bbox 1185 1053 1358 1113; x_wconf 81' lang='lat' dir='ltr'><strong>filiam,</strong></span> <span class='ocrx_word' id='word_1_78' title='bbox 1420 1052 1660 1106; x_wconf 70' lang='lat' dir='ltr'><strong>habuerit</strong></span> 
     </span>
     <span class='ocr_line' id='line_1_15' title="bbox 153 1128 1656 1199; baseline -0.004 -14"><span class='ocrx_word' id='word_1_79' title='bbox 153 1153 379 1195; x_wconf 82' lang='lat' dir='ltr'><strong>uxorem,</strong></span> <span class='ocrx_word' id='word_1_80' title='bbox 420 1138 528 1199; x_wconf 88' lang='lat' dir='ltr'><strong>ipse</strong></span> <span class='ocrx_word' id='word_1_81' title='bbox 574 1150 636 1182; x_wconf 84' lang='lat' dir='ltr'><strong>ex</strong></span> <span class='ocrx_word' id='word_1_82' title='bbox 685 1133 910 1181; x_wconf 88' lang='lat' dir='ltr'><strong>libertini</strong></span> <span class='ocrx_word' id='word_1_83' title='bbox 959 1130 1060 1180; x_wconf 83' lang='lat' dir='ltr'><strong>filia</strong></span> <span class='ocrx_word' id='word_1_84' title='bbox 1104 1132 1392 1195; x_wconf 74' lang='lat' dir='ltr'><strong>susceperit</strong></span> <span class='ocrx_word' id='word_1_85' title='bbox 1435 1128 1656 1180; x_wconf 67' lang='lat' dir='ltr'><strong>libem?</strong></span> 
     </span>
     <span class='ocr_line' id='line_1_16' title="bbox 154 1202 1658 1271; baseline -0.003 -12"><span class='ocrx_word' id='word_1_86' title='bbox 154 1210 256 1259; x_wconf 89' lang='lat' dir='ltr'><strong>Sed</strong></span> <span class='ocrx_word' id='word_1_87' title='bbox 296 1210 391 1258; x_wconf 87' lang='lat' dir='ltr'><strong>hoc</strong></span> <span class='ocrx_word' id='word_1_88' title='bbox 431 1209 691 1257; x_wconf 80' lang='lat' dir='ltr'><strong>clarissimi</strong></span> <span class='ocrx_word' id='word_1_89' title='bbox 731 1210 821 1255; x_wconf 86' lang='lat' dir='ltr'><strong>viri</strong></span> <span class='ocrx_word' id='word_1_90' title='bbox 863 1205 1101 1263; x_wconf 87' lang='lat' dir='ltr'><strong>viderint,</strong></span> <span class='ocrx_word' id='word_1_91' title='bbox 1145 1202 1201 1254; x_wconf 81' lang='lat' dir='ltr'><strong>L.</strong></span> <span class='ocrx_word' id='word_1_92' title='bbox 1249 1203 1531 1270; x_wconf 66' lang='lat' dir='ltr'><strong>Philippu,</strong></span> <span class='ocrx_word' id='word_1_93' title='bbox 1568 1206 1658 1271; x_wconf 78' lang='lat' dir='ltr'><strong>qui</strong></span> 
     </span>
     <span class='ocr_line' id='line_1_17' title="bbox 154 1279 1661 1346; baseline -0.003 -13"><span class='ocrx_word' id='word_1_94' title='bbox 154 1286 311 1333; x_wconf 84' lang='lat' dir='ltr'><strong>habet</strong></span> <span class='ocrx_word' id='word_1_95' title='bbox 346 1286 602 1332; x_wconf 81' lang='lat' dir='ltr'><strong>Aricinam</strong></span> <span class='ocrx_word' id='word_1_96' title='bbox 637 1299 861 1342; x_wconf 83' lang='lat' dir='ltr'><strong>uxorem,</strong></span> <span class='ocrx_word' id='word_1_97' title='bbox 885 1281 938 1329; x_wconf 91' lang='lat' dir='ltr'><strong>C.</strong></span> <span class='ocrx_word' id='word_1_98' title='bbox 978 1279 1269 1340; x_wconf 76' lang='lat' dir='ltr'><strong>Marcellus,</strong></span> <span class='ocrx_word' id='word_1_99' title='bbox 1297 1283 1386 1346; x_wconf 85' lang='lat' dir='ltr'><strong>qui</strong></span> <span class='ocrx_word' id='word_1_100' title='bbox 1419 1279 1661 1329; x_wconf 73' lang='lat' dir='ltr'><strong>Aricinae</strong></span> 
     </span>
     <span class='ocr_line' id='line_1_18' title="bbox 153 1352 1661 1424; baseline -0.002 -17"><span class='ocrx_word' id='word_1_101' title='bbox 153 1360 334 1416; x_wconf 78' lang='lat' dir='ltr'><strong>filiam3</strong></span> <span class='ocrx_word' id='word_1_102' title='bbox 386 1375 511 1424; x_wconf 84' lang='lat' dir='ltr'><strong>quos</strong></span> <span class='ocrx_word' id='word_1_103' title='bbox 551 1365 693 1406; x_wconf 88' lang='lat' dir='ltr'><strong>certo</strong></span> <span class='ocrx_word' id='word_1_104' title='bbox 732 1361 836 1406; x_wconf 83' lang='lat' dir='ltr'><strong>scio</strong></span> <span class='ocrx_word' id='word_1_105' title='bbox 869 1356 1139 1419; x_wconf 68' lang='lat' dir='ltr'><strong>dignitatis</strong></span> <span class='ocrx_word' id='word_1_106' title='bbox 1169 1358 1478 1420; x_wconf 77' lang='lat' dir='ltr'><strong>optimarum</strong></span> <span class='ocrx_word' id='word_1_107' title='bbox 1512 1352 1661 1404; x_wconf 71' lang='lat' dir='ltr'><strong>femi-</strong></span> 
     </span>
     <span class='ocr_line' id='line_1_19' title="bbox 154 1438 759 1499; baseline -0.002 -17"><span class='ocrx_word' id='word_1_108' title='bbox 154 1451 331 1483; x_wconf 82' lang='lat' dir='ltr'><strong>narum</strong></span> <span class='ocrx_word' id='word_1_109' title='bbox 355 1451 456 1482; x_wconf 92' lang='lat' dir='ltr'><strong>non</strong></span> <span class='ocrx_word' id='word_1_110' title='bbox 481 1438 759 1499; x_wconf 85' lang='lat' dir='ltr'><strong>paenitere.</strong></span> 
     </span>
    </p>

    <p class='ocr_par' dir='ltr' id='par_1_5' title="bbox 156 1502 1669 2335">
     <span class='ocr_line' id='line_1_20' title="bbox 224 1502 1661 1568; baseline -0.001 -12"><span class='ocrx_word' id='word_1_111' title='bbox 224 1509 338 1557; x_wconf 92' lang='lat' dir='ltr'><strong>VII.</strong></span> <span class='ocrx_word' id='word_1_112' title='bbox 380 1509 522 1557; x_wconf 87' lang='lat' dir='ltr'><strong>Idem</strong></span> <span class='ocrx_word' id='word_1_113' title='bbox 548 1513 703 1557; x_wconf 86' lang='lat' dir='ltr'><strong>etiam</strong></span> <span class='ocrx_word' id='word_1_114' title='bbox 729 1507 792 1568; x_wconf 89' lang='lat' dir='ltr'><strong>Q.</strong></span> <span class='ocrx_word' id='word_1_115' title='bbox 821 1507 1137 1566; x_wconf 77' lang='lat' dir='ltr'><strong>Ciceronem,</strong></span> <span class='ocrx_word' id='word_1_116' title='bbox 1161 1505 1333 1556; x_wconf 70' lang='lat' dir='ltr'><strong>frati-la</strong></span> <span class='ocrx_word' id='word_1_117' title='bbox 1355 1507 1461 1555; x_wconf 79' lang='lat' dir='ltr'><strong>mei</strong></span> <span class='ocrx_word' id='word_1_118' title='bbox 1482 1502 1661 1567; x_wconf 68' lang='lat' dir='ltr'><strong>fillum,</strong></span> 
     </span>
     <span class='ocr_line' id='line_1_21' title="bbox 157 1577 1662 1649; baseline -0.002 -16"><span class='ocrx_word' id='word_1_119' title='bbox 157 1585 430 1649; x_wconf 85' lang='lat' dir='ltr'><strong>compellat</strong></span> <span class='ocrx_word' id='word_1_120' title='bbox 454 1584 624 1632; x_wconf 89' lang='lat' dir='ltr'><strong>edicto</strong></span> <span class='ocrx_word' id='word_1_121' title='bbox 649 1600 745 1631; x_wconf 90' lang='lat' dir='ltr'><strong>nec</strong></span> <span class='ocrx_word' id='word_1_122' title='bbox 769 1586 929 1631; x_wconf 84' lang='lat' dir='ltr'><strong>sentit</strong></span> <span class='ocrx_word' id='word_1_123' title='bbox 953 1598 1130 1631; x_wconf 85' lang='lat' dir='ltr'><strong>amens</strong></span> <span class='ocrx_word' id='word_1_124' title='bbox 1160 1577 1662 1631; x_wconf 75' lang='lat' dir='ltr'><strong>commendationem</strong></span> 
     </span>
     <span class='ocr_line' id='line_1_22' title="bbox 158 1653 1663 1725; baseline -0.001 -17"><span class='ocrx_word' id='word_1_125' title='bbox 158 1676 268 1708; x_wconf 88' lang='lat' dir='ltr'><strong>esse</strong></span> <span class='ocrx_word' id='word_1_126' title='bbox 321 1659 748 1723; x_wconf 88' lang='lat' dir='ltr'><strong>conpellationem</strong></span> <span class='ocrx_word' id='word_1_127' title='bbox 801 1674 956 1706; x_wconf 84' lang='lat' dir='ltr'><strong>suam.</strong></span> <span class='ocrx_word' id='word_1_128' title='bbox 1008 1655 1171 1719; x_wconf 80' lang='lat' dir='ltr'><strong>‘Quid</strong></span> <span class='ocrx_word' id='word_1_129' title='bbox 1229 1658 1371 1707; x_wconf 78' lang='lat' dir='ltr'><strong>enim</strong></span> <span class='ocrx_word' id='word_1_130' title='bbox 1426 1653 1663 1725; x_wconf 58' lang='lat' dir='ltr'><strong>accidere</strong></span> 
     </span>
     <span class='ocr_line' id='line_1_23' title="bbox 156 1730 1665 1800; baseline -0.001 -16"><span class='ocrx_word' id='word_1_131' title='bbox 156 1736 274 1785; x_wconf 89' lang='lat' dir='ltr'><strong>huic</strong></span> <span class='ocrx_word' id='word_1_132' title='bbox 314 1735 631 1784; x_wconf 82' lang='lat' dir='ltr'><strong>adulescenti</strong></span> <span class='ocrx_word' id='word_1_133' title='bbox 668 1738 837 1799; x_wconf 82' lang='lat' dir='ltr'><strong>potuit</strong></span> <span class='ocrx_word' id='word_1_134' title='bbox 876 1737 1101 1798; x_wconf 86' lang='lat' dir='ltr'><strong>optatius</strong></span> <span class='ocrx_word' id='word_1_135' title='bbox 1135 1749 1291 1800; x_wconf 81' lang='lat' dir='ltr'><strong>quam</strong></span> <span class='ocrx_word' id='word_1_136' title='bbox 1322 1733 1565 1798; x_wconf 58' lang='lat' dir='ltr'><strong>cognomi</strong></span> <span class='ocrx_word' id='word_1_137' title='bbox 1597 1730 1665 1783; x_wconf 78' lang='lat' dir='ltr'><strong>ab</strong></span> 
     </span>
     <span class='ocr_line' id='line_1_24' title="bbox 157 1810 1664 1870; baseline -0.001 -10"><span class='ocrx_word' id='word_1_138' title='bbox 157 1813 390 1860; x_wconf 88' lang='lat' dir='ltr'><strong>omnibus</strong></span> <span class='ocrx_word' id='word_1_139' title='bbox 431 1811 656 1859; x_wconf 82' lang='lat' dir='ltr'><strong>Caesaris</strong></span> <span class='ocrx_word' id='word_1_140' title='bbox 697 1811 1021 1859; x_wconf 84' lang='lat' dir='ltr'><strong>consiliorum</strong></span> <span class='ocrx_word' id='word_1_141' title='bbox 1061 1826 1175 1860; x_wconf 79' lang='lat' dir='ltr'><strong>esse</strong></span> <span class='ocrx_word' id='word_1_142' title='bbox 1215 1812 1431 1870; x_wconf 73' lang='lat' dir='ltr'><strong>socium,</strong></span> <span class='ocrx_word' id='word_1_143' title='bbox 1467 1810 1664 1861; x_wconf 71' lang='lat' dir='ltr'><strong>Antoni</strong></span> 
     </span>
     <span class='ocr_line' id='line_1_25' title="bbox 160 1885 1669 1951; baseline 0 -15"><span class='ocrx_word' id='word_1_144' title='bbox 160 1888 340 1936; x_wconf 87' lang='lat' dir='ltr'><strong>furoris</strong></span> <span class='ocrx_word' id='word_1_145' title='bbox 388 1890 686 1937; x_wconf 86' lang='lat' dir='ltr'><strong>inimicum?</strong></span> <span class='ocrx_word' id='word_1_146' title='bbox 762 1889 835 1936; x_wconf 82' lang='lat' dir='ltr'><strong>At</strong></span> <span class='ocrx_word' id='word_1_147' title='bbox 880 1890 1036 1936; x_wconf 85' lang='lat' dir='ltr'><strong>etiam</strong></span> <span class='ocrx_word' id='word_1_148' title='bbox 1083 1885 1337 1951; x_wconf 71' lang='lat' dir='ltr'><strong>gladiator</strong></span> <span class='ocrx_word' id='word_1_149' title='bbox 1381 1900 1534 1935; x_wconf 73' lang='lat' dir='ltr'><strong>aum·</strong></span> <span class='ocrx_word' id='word_1_150' title='bbox 1582 1889 1669 1936; x_wconf 65' lang='lat' dir='ltr'><strong>eut</strong></span> 
     </span>
     <span class='ocr_line' id='line_1_26' title="bbox 158 1960 1662 2028; baseline 0 -15"><span class='ocrx_word' id='word_1_151' title='bbox 158 1966 377 2013; x_wconf 87' lang='lat' dir='ltr'><strong>scribere</strong></span> <span class='ocrx_word' id='word_1_152' title='bbox 404 1964 538 2011; x_wconf 91' lang='lat' dir='ltr'><strong>hunc</strong></span> <span class='ocrx_word' id='word_1_153' title='bbox 562 1963 629 2011; x_wconf 88' lang='lat' dir='ltr'><strong>de</strong></span> <span class='ocrx_word' id='word_1_154' title='bbox 653 1967 812 2028; x_wconf 87' lang='lat' dir='ltr'><strong>patris</strong></span> <span class='ocrx_word' id='word_1_155' title='bbox 835 1970 891 2011; x_wconf 90' lang='lat' dir='ltr'><strong>et</strong></span> <span class='ocrx_word' id='word_1_156' title='bbox 916 1966 1080 2027; x_wconf 86' lang='lat' dir='ltr'><strong>patrui</strong></span> <span class='ocrx_word' id='word_1_157' title='bbox 1108 1960 1380 2027; x_wconf 82' lang='lat' dir='ltr'><strong>parricidio</strong></span> <span class='ocrx_word' id='word_1_158' title='bbox 1393 1964 1662 2026; x_wconf 67' lang='lat' dir='ltr'><strong>negiu-e.</strong></span> 
     </span>
     <span class='ocr_line' id='line_1_27' title="bbox 159 2038 1665 2104; baseline -0.001 -15"><span class='ocrx_word' id='word_1_159' title='bbox 159 2041 207 2090; x_wconf 91' lang='lat' dir='ltr'>O</span> <span class='ocrx_word' id='word_1_160' title='bbox 228 2040 577 2087; x_wconf 81' lang='lat' dir='ltr'><strong>admirabilem</strong></span> <span class='ocrx_word' id='word_1_161' title='bbox 598 2039 988 2104; x_wconf 87' lang='lat' dir='ltr'><strong>impudentiam,</strong></span> <span class='ocrx_word' id='word_1_162' title='bbox 1002 2038 1284 2099; x_wconf 79' lang='lat' dir='ltr'><strong>audaciam,</strong></span> <span class='ocrx_word' id='word_1_163' title='bbox 1297 2041 1665 2099; x_wconf 66' lang='lat' dir='ltr'><strong>temeritatem,</strong></span> 
     </span>
     <span class='ocr_line' id='line_1_28' title="bbox 158 2112 1667 2183; baseline 0.001 -19"><span class='ocrx_word' id='word_1_164' title='bbox 158 2120 213 2164; x_wconf 89' lang='lat' dir='ltr'><strong>in</strong></span> <span class='ocrx_word' id='word_1_165' title='bbox 259 2132 376 2164; x_wconf 90' lang='lat' dir='ltr'><strong>eum</strong></span> <span class='ocrx_word' id='word_1_166' title='bbox 423 2116 807 2164; x_wconf 87' lang='lat' dir='ltr'><strong>adulescentem</strong></span> <span class='ocrx_word' id='word_1_167' title='bbox 854 2114 951 2163; x_wconf 90' lang='lat' dir='ltr'><strong>hoc</strong></span> <span class='ocrx_word' id='word_1_168' title='bbox 999 2116 1222 2165; x_wconf 83' lang='lat' dir='ltr'><strong>scribere</strong></span> <span class='ocrx_word' id='word_1_169' title='bbox 1261 2112 1471 2175; x_wconf 79' lang='lat' dir='ltr'><strong>audere,</strong></span> <span class='ocrx_word' id='word_1_170' title='bbox 1510 2127 1667 2183; x_wconf 76' lang='lat' dir='ltr'><strong>quem</strong></span> 
     </span>
     <span class='ocr_line' id='line_1_29' title="bbox 159 2191 1667 2259; baseline 0 -19"><span class='ocrx_word' id='word_1_171' title='bbox 159 2209 258 2257; x_wconf 86' lang='lat' dir='ltr'><strong>ego</strong></span> <span class='ocrx_word' id='word_1_172' title='bbox 293 2199 349 2240; x_wconf 90' lang='lat' dir='ltr'><strong>et</strong></span> <span class='ocrx_word' id='word_1_173' title='bbox 384 2191 541 2240; x_wconf 86' lang='lat' dir='ltr'><strong>frater</strong></span> <span class='ocrx_word' id='word_1_174' title='bbox 576 2208 719 2240; x_wconf 85' lang='lat' dir='ltr'><strong>meus</strong></span> <span class='ocrx_word' id='word_1_175' title='bbox 755 2198 965 2256; x_wconf 85' lang='lat' dir='ltr'><strong>propter</strong></span> <span class='ocrx_word' id='word_1_176' title='bbox 998 2195 1108 2240; x_wconf 88' lang='lat' dir='ltr'><strong>eius</strong></span> <span class='ocrx_word' id='word_1_177' title='bbox 1148 2193 1471 2241; x_wconf 73' lang='lat' dir='ltr'><strong>suavissimos</strong></span> <span class='ocrx_word' id='word_1_178' title='bbox 1508 2196 1667 2259; x_wconf 71' lang='lat' dir='ltr'><strong>atque</strong></span> 
     </span>
     <span class='ocr_line' id='line_1_30' title="bbox 160 2269 1668 2335; baseline 0 -19"><span class='ocrx_word' id='word_1_179' title='bbox 160 2271 378 2333; x_wconf 87' lang='lat' dir='ltr'><strong>optimos</strong></span> <span class='ocrx_word' id='word_1_180' title='bbox 418 2284 585 2316; x_wconf 89' lang='lat' dir='ltr'><strong>mores</strong></span> <span class='ocrx_word' id='word_1_181' title='bbox 620 2270 1216 2335; x_wconf 84' lang='lat' dir='ltr'><strong>praestantissimumque</strong></span> <span class='ocrx_word' id='word_1_182' title='bbox 1251 2269 1519 2334; x_wconf 78' lang='lat' dir='ltr'><strong>ingenium</strong></span> <span class='ocrx_word' id='word_1_183' title='bbox 1558 2282 1668 2318; x_wconf 86' lang='lat' dir='ltr'><strong>cer·</strong></span> 
     </span>
    </p>
   </div>
   <div class='ocr_carea' id='block_1_5' title="bbox 383 2365 1539 2422">
    <p class='ocr_par' dir='ltr' id='par_1_6' title="bbox 383 2365 1539 2422">
     <span class='ocr_line' id='line_1_31' title="bbox 383 2365 1539 2422; baseline 0.001 -14"><span class='ocrx_word' id='word_1_184' title='bbox 383 2365 401 2392; x_wconf 86' lang='lat'>²</span> <span class='ocrx_word' id='word_1_185' title='bbox 427 2366 486 2408; x_wconf 91' lang='lat' dir='ltr'><strong>So</strong></span> <span class='ocrx_word' id='word_1_186' title='bbox 504 2366 583 2407; x_wconf 84' lang='lat' dir='ltr'><strong>the</strong></span> <span class='ocrx_word' id='word_1_187' title='bbox 601 2365 708 2407; x_wconf 74' lang='lat' dir='ltr'><strong>Vat-</strong></span> <span class='ocrx_word' id='word_1_188' title='bbox 727 2365 838 2415; x_wconf 65' lang='lat' dir='ltr'><strong>MS„</strong></span> <span class='ocrx_word' id='word_1_189' title='bbox 859 2372 990 2408; x_wconf 69' lang='lat' dir='ltr'><strong>nat-m</strong></span> <span class='ocrx_word' id='word_1_190' title='bbox 1007 2365 1141 2422; x_wconf 80' lang='lat' dir='ltr'><strong>being</strong></span> <span class='ocrx_word' id='word_1_191' title='bbox 1157 2384 1202 2401; x_wconf 76' lang='grc' dir='ltr'><strong>-ι</strong></span> <span class='ocrx_word' id='word_1_192' title='bbox 1212 2370 1461 2420; x_wconf 62' lang='grc' dir='ltr'><strong><em>Μύκο.</em></strong></span> <span class='ocrx_word' id='word_1_193' title='bbox 1535 2367 1539 2393; x_wconf 62' lang='lat' dir='ltr'>T</span> 
     </span>
    </p>
   </div>
   <div class='ocr_carea' id='block_1_6' title="bbox 217 2460 1665 2517">
    <p class='ocr_par' dir='ltr' id='par_1_7' title="bbox 217 2460 1665 2517">
     <span class='ocr_line' id='line_1_32' title="bbox 217 2460 1665 2517; baseline -0.001 -13"><span class='ocrx_word' id='word_1_194' title='bbox 217 2463 235 2490; x_wconf 90' lang='lat'>²</span> <span class='ocrx_word' id='word_1_195' title='bbox 262 2461 492 2504; x_wconf 82' lang='lat' dir='ltr'><strong>Bambalio</strong></span> <span class='ocrx_word' id='word_1_196' title='bbox 504 2462 635 2513; x_wconf 78' lang='lat' dir='ltr'><strong>(from</strong></span> <span class='ocrx_word' id='word_1_197' title='bbox 651 2464 875 2511; x_wconf 71' lang='grc' dir='ltr'>βαμβαινα)</span> <span class='ocrx_word' id='word_1_198' title='bbox 899 2479 942 2497; x_wconf 85' lang='lat'><em>=</em></span> <span class='ocrx_word' id='word_1_199' title='bbox 961 2462 1233 2504; x_wconf 82' lang='lat' dir='ltr'><strong>Stammerer</strong></span> <span class='ocrx_word' id='word_1_200' title='bbox 1250 2478 1261 2512; x_wconf 83' lang='lat'><strong>;</strong></span> <span class='ocrx_word' id='word_1_201' title='bbox 1289 2463 1365 2504; x_wconf 65' lang='grc' dir='ltr'><strong>τὸν</strong></span> <span class='ocrx_word' id='word_1_202' title='bbox 1376 2460 1665 2517; x_wconf 56' lang='lat' dir='ltr'><strong>&amp;plau-n,</strong></span> 
     </span>
    </p>
   </div>
   <div class='ocr_carea' id='block_1_7' title="bbox 159 2516 1554 2627">
    <p class='ocr_par' dir='ltr' id='par_1_8' title="bbox 159 2516 1554 2627">
     <span class='ocr_line' id='line_1_33' title="bbox 159 2516 1554 2571; baseline 0.002 -11"><span class='ocrx_word' id='word_1_203' title='bbox 159 2519 236 2560; x_wconf 73' lang='grc' dir='ltr'><strong>τὸν</strong></span> <span class='ocrx_word' id='word_1_204' title='bbox 254 2517 322 2558; x_wconf 70' lang='grc' dir='ltr'><strong>ἆτ’</strong></span> <span class='ocrx_word' id='word_1_205' title='bbox 342 2518 469 2564; x_wconf 69' lang='grc' dir='ltr'><strong>αὐτῆς</strong></span> <span class='ocrx_word' id='word_1_206' title='bbox 487 2519 564 2564; x_wconf 73' lang='grc' dir='ltr'><strong>τῆς</strong></span> <span class='ocrx_word' id='word_1_207' title='bbox 583 2517 806 2568; x_wconf 67' lang='grc' dir='ltr'><strong><em>ἐπωνυμίας</em></strong></span> <span class='ocrx_word' id='word_1_208' title='bbox 827 2517 1073 2571; x_wconf 69' lang='grc' dir='ltr'><strong>δτιβόητονε</strong></span> <span class='ocrx_word' id='word_1_209' title='bbox 1106 2517 1223 2559; x_wconf 80' lang='lat' dir='ltr'><strong>Dion</strong></span> <span class='ocrx_word' id='word_1_210' title='bbox 1241 2516 1364 2561; x_wconf 69' lang='lat' dir='ltr'><strong>Cn..</strong></span> <span class='ocrx_word' id='word_1_211' title='bbox 1385 2528 1462 2561; x_wconf 75' lang='lat'>¹1..</span> <span class='ocrx_word' id='word_1_212' title='bbox 1485 2516 1554 2564; x_wconf 70' lang='grc'><strong>47.</strong></span> 
     </span>
     <span class='ocr_line' id='line_1_34' title="bbox 213 2569 1239 2627; baseline 0.001 -13"><span class='ocrx_word' id='word_1_213' title='bbox 213 2571 233 2597; x_wconf 80' lang='lat'>⁸</span> <span class='ocrx_word' id='word_1_214' title='bbox 260 2572 422 2614; x_wconf 69' lang='lat' dir='ltr'><strong>Caesar</strong></span> <span class='ocrx_word' id='word_1_215' title='bbox 438 2569 723 2613; x_wconf 81' lang='lat' dir='ltr'><strong>Octavianus.</strong></span> <span class='ocrx_word' id='word_1_216' title='bbox 783 2570 867 2615; x_wconf 75' lang='lat' dir='ltr'><strong>See</strong></span> <span class='ocrx_word' id='word_1_217' title='bbox 884 2585 928 2614; x_wconf 89' lang='lat' dir='ltr'><strong>n.</strong></span> <span class='ocrx_word' id='word_1_218' title='bbox 951 2573 979 2615; x_wconf 80' lang='lat'>³</span> <span class='ocrx_word' id='word_1_219' title='bbox 997 2585 1053 2613; x_wconf 89' lang='lat' dir='ltr'><strong>on</strong></span> <span class='ocrx_word' id='word_1_220' title='bbox 1073 2585 1116 2627; x_wconf 81' lang='lat' dir='ltr'><strong>p.</strong></span> <span class='ocrx_word' id='word_1_221' title='bbox 1141 2572 1239 2615; x_wconf 78' lang='lat'><strong>205.</strong></span> 
     </span>
    </p>
   </div>
   <div class='ocr_carea' id='block_1_8' title="bbox 162 2631 259 2678">
    <p class='ocr_par' dir='ltr' id='par_1_9' title="bbox 162 2631 259 2678">
     <span class='ocr_line' id='line_1_35' title="bbox 162 2631 259 2678; baseline -0.021 0"><span class='ocrx_word' id='word_1_222' title='bbox 162 2631 259 2678; x_wconf 81' lang='lat'><strong>206</strong></span> 
     </span>
    </p>
   </div>
  </div>
 </body>
</html>
