1774 2898
422 220 704 271 MARCUS
750 215 1060 268 TULLIUS
1107 211 1363 264 cchno

150 361 206 403 te
237 353 372 402 domi
410 354 457 401 P.
499 351 701 400 Lentuli
738 367 847 399 esse
884 348 1195 398 educatum?
1265 345 1348 395 An
1385 344 1649 405 veoebue,

153 455 219 488 ne
243 457 344 487 non
369 446 659 504 putaremus
686 443 864 485 natura
887 442 941 485 te
966 437 1191 500 potuisse
1216 438 1325 481 tam
1355 428 1645 499 Improbum

154 523 383 582 evadere,
409 527 502 571 nisi
526 525 820 571 accessisset
842 524 997 570 etiam
1022 517 1328 583 disciplina?

221 608 364 656 VIII.
402 608 526 656 Tam
553 614 725 656 autem
750 622 862 655 eras
892 620 1084 662 excors,
1108 609 1169 653 ut
1200 609 1311 652 tota
1335 604 1389 652 in
1418 603 1651 653 mum

154 700 241 742 tua
265 700 434 742 tecum
458 697 566 757 ipse
588 708 859 758 pugnares,
883 707 985 739 non
1011 689 1163 739 modo
1185 687 1290 738 n’ou
1320 686 1651 739 cohaerentia

156 780 289 825 inter
328 794 383 826 se
422 776 633 836 diceres,
669 776 758 825 sed
795 779 1013 824 maxime
1047 774 1305 824 disiuncta
1337 781 1496 842 atque
1529 787 1649 824 σω·

156 866 323 922 traria,
347 868 404 911 ut
436 879 535 911 non
562 868 706 910 tanta
738 878 937 910 mecum
962 867 1156 927 quanta
1188 861 1283 910 tibi
1308 866 1481 911 tecum
1512 864 1652 911 αεὶ

155 951 428 997 contentio.
501 947 746 996 Vitricum
788 953 934 995 tuum
979 946 1132 995 fuisse
1172 948 1226 995 In
1268 950 1419 996 tanto
1453 943 1651 996 melete

155 1032 396 1093 fatebare,
449 1049 610 1097 poena
661 1032 921 1081 adfectum
974 1032 1269 1098 querebare.
1363 1030 1462 1093 lu,
1510 1028 1649 1099 qnod

155 1121 353 1182 proprie
377 1135 545 1166 meum
576 1125 671 1178 est,
695 1117 928 1177 laudasti,
949 1117 1084 1183 quod
1117 1123 1285 1167 totum
1315 1123 1399 1167 eet
1426 1121 1653 1178 mahat,

156 1201 561 1265 reprehendisti;
629 1219 747 1250 nam
806 1202 1196 1267 comprehendo
1241 1204 1468 1252 nuntium
1519 1216 1652 1262 mu,

156 1286 520 1335 animadversio
570 1293 778 1335 senatus
835 1286 947 1336 fuit.
1041 1287 1212 1336 Homo
1268 1286 1492 1338 diserta
1548 1301 1652 1337 nm

156 1372 415 1436 intellegit
447 1388 580 1431 eum,
603 1389 755 1437 quem
789 1379 965 1421 contra
997 1372 1142 1433 dicit,
1164 1372 1360 1423 laudari
1390 1389 1422 1422 a
1451 1387 1526 1434 ne,
1548 1385 1655 1434 eoo,

80 1462 127 1503 19
157 1456 290 1524 apud
317 1473 440 1521 quos
465 1457 605 1517 dicit,
630 1461 916 1523 vituperari.
994 1458 1100 1508 Iam
1126 1458 1253 1509 illud
1276 1460 1420 1510 culn·
1443 1463 1527 1509 eut
1548 1472 1653 1532 m

156 1540 270 1589 dico
302 1541 539 1590 audaciae
573 1542 737 1608 (cupit
778 1547 915 1592 enim
956 1559 1011 1593 se
1046 1543 1335 1610 audacem),
1369 1542 1481 1607 ned,
1516 1542 1654 1614 qnod

155 1629 363 1674 minime
422 1626 546 1687 vult,
602 1627 868 1687 stultitiae,
919 1645 1019 1694 qua
1077 1633 1236 1679 vincit
1293 1633 1478 1692 omnia,
1535 1627 1652 1680 cliv!

158 1709 427 1775 Capitolini
473 1717 788 1761 mentionem
836 1714 1020 1774 facere,
1066 1731 1182 1764 cum
1232 1719 1370 1766 inter
1413 1713 1655 1767 sabelli·

155 1802 325 1844 nostra
345 1804 607 1846 versentur
630 1803 826 1859 armati,
843 1817 957 1848 cum
981 1804 1033 1849 in
1060 1800 1155 1850 hac
1172 1800 1303 1851 cella
1321 1800 1655 1864 Concordiae,

157 1881 208 1929 di
226 1882 563 1932 immortales!
588 1887 639 1932 in
658 1901 756 1949 qua
774 1903 855 1934 me
874 1887 1080 1936 consule
1098 1887 1346 1940 salutare·
1361 1891 1655 1941 sententiae

155 1967 322 2016 dictae
340 1976 476 2028 sunt,
494 1971 675 2035 quibus
698 1972 761 2019 ad
781 1972 910 2020 banc
930 1973 1066 2021 diem
1087 1977 1317 2035 viximus,
1334 1990 1452 2024 cnm
1468 1972 1655 2040 gladii-

157 2051 387 2101 homines
419 2054 667 2103 conlocati
703 2060 881 2105 stent?
951 2059 1149 2108 Accusa
1183 2066 1439 2122 senatum,
1472 2072 1654 2111 tecum

155 2144 443 2201 equestrem
479 2139 724 2200 ordinem,
749 2146 834 2206 qui
870 2149 978 2191 tum
1016 2160 1132 2192 cum
1166 2151 1348 2195 senatu
1385 2144 1655 2212 copulatu!

153 2220 268 2281 fuit,
301 2238 479 2271 accusa
511 2229 674 2273 omnis
719 2226 937 2287 ordines,
972 2233 1136 2278 omnis
1177 2233 1331 2292 cives,
1363 2230 1491 2282 dnm
1530 2246 1652 2281 oon·

152 2305 326 2355 fiteare
357 2307 492 2356 hunc
523 2310 752 2359 ordinem
788 2311 884 2361 hoc
917 2316 1027 2378 ipso
1061 2321 1295 2381 tempore
1330 2316 1396 2367 ab
1432 2316 1651 2383 Ityraei!

153 2393 522 2442 circumsederi.
597 2396 742 2444 Haec
772 2403 829 2445 tu
862 2414 964 2447 non
997 2407 1207 2465 propter
1226 2401 1491 2452 audacIam
1523 2402 1652 2452 cnei·

151 2482 257 2524 tam
288 2477 630 2541 impudenter,
664 2481 770 2541 sed,
802 2487 888 2547 qui
922 2490 1120 2534 tantam
1155 2502 1325 2536 rerum
1358 2504 1648 2554 repugnan-

145 2565 276 2611 tiam
294 2578 399 2610 non
418 2564 603 2623 videas,
622 2566 747 2614 nihil
766 2568 997 2632 profecto
1020 2575 1169 2635 sapis.
1239 2572 1380 2633 Quid
1402 2580 1487 2624 eet
1507 2577 1647 2624 cufim

149 2652 213 2701 82
