<?xml version="1.0" encoding="UTF-8"?>
<!DOCTYPE html PUBLIC "-//W3C//DTD XHTML 1.0 Transitional//EN"
    "http://www.w3.org/TR/xhtml1/DTD/xhtml1-transitional.dtd">
<html xmlns="http://www.w3.org/1999/xhtml" xml:lang="en" lang="en">
 <head>
  <title>
</title>
<meta http-equiv="Content-Type" content="text/html;charset=utf-8" />
  <meta name='ocr-system' content='tesseract 3.04.00' />
  <meta name='ocr-capabilities' content='ocr_page ocr_carea ocr_par ocr_line ocrx_word'/>
</head>
<body>
  <div class='ocr_page' id='page_1' title='image "./philippics00ciceuoft_0054.png"; bbox 0 0 1826 2892; ppageno 0'>
   <div class='ocr_carea' id='block_1_1' title="bbox 480 221 1415 278">
    <p class='ocr_par' dir='ltr' id='par_1_1' title="bbox 480 221 1415 278">
     <span class='ocr_line' id='line_1_1' title="bbox 480 221 1415 278; baseline -0.006 1"><span class='ocrx_word' id='word_1_1' title='bbox 480 228 762 278; x_wconf 84' lang='lat' dir='ltr'>MARCUS</span> <span class='ocrx_word' id='word_1_2' title='bbox 806 225 1114 276; x_wconf 82' lang='lat' dir='ltr'>TULLIUS</span> <span class='ocrx_word' id='word_1_3' title='bbox 1159 221 1415 274; x_wconf 73' lang='lat' dir='ltr'>CICERO</span> 
     </span>
    </p>
   </div>
   <div class='ocr_carea' id='block_1_2' title="bbox 131 353 1719 2548">
    <p class='ocr_par' dir='ltr' id='par_1_2' title="bbox 131 353 1719 2548">
     <span class='ocr_line' id='line_1_2' title="bbox 208 353 1706 424; baseline -0.005 -14"><span class='ocrx_word' id='word_1_4' title='bbox 208 362 473 410; x_wconf 87' lang='lat' dir='ltr'>constitit?</span> <span class='ocrx_word' id='word_1_5' title='bbox 542 360 741 424; x_wconf 84' lang='lat' dir='ltr'>Nempe</span> <span class='ocrx_word' id='word_1_6' title='bbox 776 362 829 407; x_wconf 88' lang='lat' dir='ltr'>in</span> <span class='ocrx_word' id='word_1_7' title='bbox 864 358 1076 421; x_wconf 79' lang='lat' dir='ltr'>leg-ibus.</span> <span class='ocrx_word' id='word_1_8' title='bbox 1150 355 1231 404; x_wconf 88' lang='lat' dir='ltr'>De</span> <span class='ocrx_word' id='word_1_9' title='bbox 1271 353 1487 404; x_wconf 72' lang='lat' dir='ltr'>Caesare</span> <span class='ocrx_word' id='word_1_10' title='bbox 1515 353 1634 421; x_wconf 67' lang='lat' dir='ltr'>ipo</span> <span class='ocrx_word' id='word_1_11' title='bbox 1662 353 1706 404; x_wconf 67' lang='lat' dir='ltr'>d</span> 
     </span>
     <span class='ocr_line' id='line_1_3' title="bbox 209 433 1710 507; baseline -0.005 -17"><span class='ocrx_word' id='word_1_12' title='bbox 209 459 497 507; x_wconf 79' lang='lat' dir='ltr'>quaereres,</span> <span class='ocrx_word' id='word_1_13' title='bbox 520 442 762 506; x_wconf 79' lang='lat' dir='ltr'><strong>quidnam</strong></span> <span class='ocrx_word' id='word_1_14' title='bbox 794 444 984 505; x_wconf 76' lang='lat' dir='ltr'>egisset</span> <span class='ocrx_word' id='word_1_15' title='bbox 1009 442 1059 486; x_wconf 87' lang='lat' dir='ltr'>in</span> <span class='ocrx_word' id='word_1_16' title='bbox 1086 438 1213 486; x_wconf 84' lang='lat' dir='ltr'>urbe</span> <span class='ocrx_word' id='word_1_17' title='bbox 1237 443 1293 486; x_wconf 88' lang='lat' dir='ltr'>et</span> <span class='ocrx_word' id='word_1_18' title='bbox 1324 439 1378 485; x_wconf 79' lang='lat' dir='ltr'>in</span> <span class='ocrx_word' id='word_1_19' title='bbox 1400 441 1541 503; x_wconf 64' lang='lat' dir='ltr'>toga,</span> <span class='ocrx_word' id='word_1_20' title='bbox 1563 433 1710 501; x_wconf 64' lang='lat' dir='ltr'>Iege·</span> 
     </span>
     <span class='ocr_line' id='line_1_4' title="bbox 210 514 1708 588; baseline -0.001 -17"><span class='ocrx_word' id='word_1_21' title='bbox 210 524 396 572; x_wconf 89' lang='lat' dir='ltr'>multas</span> <span class='ocrx_word' id='word_1_22' title='bbox 435 523 766 588; x_wconf 85' lang='lat' dir='ltr'>responderet</span> <span class='ocrx_word' id='word_1_23' title='bbox 801 538 855 571; x_wconf 87' lang='lat' dir='ltr'>se</span> <span class='ocrx_word' id='word_1_24' title='bbox 901 527 956 569; x_wconf 91' lang='lat' dir='ltr'>et</span> <span class='ocrx_word' id='word_1_25' title='bbox 992 519 1274 586; x_wconf 78' lang='lat' dir='ltr'>praeclaras</span> <span class='ocrx_word' id='word_1_26' title='bbox 1312 517 1510 579; x_wconf 76' lang='lat' dir='ltr'>tulisse,</span> <span class='ocrx_word' id='word_1_27' title='bbox 1542 514 1708 569; x_wconf 68' lang='lat' dir='ltr'>ehiro-</span> 
     </span>
     <span class='ocr_line' id='line_1_5' title="bbox 210 598 1709 670; baseline -0.001 -18"><span class='ocrx_word' id='word_1_28' title='bbox 210 605 402 670; x_wconf 85' lang='lat' dir='ltr'>grapba</span> <span class='ocrx_word' id='word_1_29' title='bbox 447 622 565 653; x_wconf 90' lang='lat' dir='ltr'>vero</span> <span class='ocrx_word' id='word_1_30' title='bbox 610 611 700 653; x_wconf 88' lang='lat' dir='ltr'>aut</span> <span class='ocrx_word' id='word_1_31' title='bbox 746 610 974 653; x_wconf 82' lang='lat' dir='ltr'>mutaret</span> <span class='ocrx_word' id='word_1_32' title='bbox 1018 608 1109 652; x_wconf 87' lang='lat' dir='ltr'>aut</span> <span class='ocrx_word' id='word_1_33' title='bbox 1165 617 1268 650; x_wconf 86' lang='lat' dir='ltr'>non</span> <span class='ocrx_word' id='word_1_34' title='bbox 1317 598 1469 651; x_wconf 69' lang='lat' dir='ltr'>daret</span> <span class='ocrx_word' id='word_1_35' title='bbox 1509 604 1623 662; x_wconf 73' lang='lat' dir='ltr'>aut,</span> <span class='ocrx_word' id='word_1_36' title='bbox 1665 601 1709 650; x_wconf 69' lang='lat' dir='ltr'>d</span> 
     </span>
     <span class='ocr_line' id='line_1_6' title="bbox 210 679 1709 747; baseline -0.001 -12"><span class='ocrx_word' id='word_1_37' title='bbox 210 686 453 747; x_wconf 85' lang='lat' dir='ltr'>dedisset,</span> <span class='ocrx_word' id='word_1_38' title='bbox 487 703 589 735; x_wconf 91' lang='lat' dir='ltr'>non</span> <span class='ocrx_word' id='word_1_39' title='bbox 625 690 745 735; x_wconf 82' lang='lat' dir='ltr'>istas</span> <span class='ocrx_word' id='word_1_40' title='bbox 791 702 870 735; x_wconf 88' lang='lat' dir='ltr'>res</span> <span class='ocrx_word' id='word_1_41' title='bbox 906 688 957 734; x_wconf 90' lang='lat' dir='ltr'>in</span> <span class='ocrx_word' id='word_1_42' title='bbox 992 687 1119 733; x_wconf 80' lang='lat' dir='ltr'>actis</span> <span class='ocrx_word' id='word_1_43' title='bbox 1153 687 1257 734; x_wconf 75' lang='lat' dir='ltr'>suis</span> <span class='ocrx_word' id='word_1_44' title='bbox 1301 681 1533 734; x_wconf 72' lang='lat' dir='ltr'>duceret.</span> <span class='ocrx_word' id='word_1_45' title='bbox 1602 679 1709 733; x_wconf 76' lang='lat' dir='ltr'>Sed</span> 
     </span>
     <span class='ocr_line' id='line_1_7' title="bbox 213 764 1713 833; baseline -0.001 -17"><span class='ocrx_word' id='word_1_46' title='bbox 213 768 337 816; x_wconf 88' lang='lat' dir='ltr'>haec</span> <span class='ocrx_word' id='word_1_47' title='bbox 393 772 500 833; x_wconf 86' lang='lat' dir='ltr'>ipsa</span> <span class='ocrx_word' id='word_1_48' title='bbox 557 768 812 825; x_wconf 87' lang='lat' dir='ltr'>concedo;</span> <span class='ocrx_word' id='word_1_49' title='bbox 879 765 1180 833; x_wconf 85' lang='lat' dir='ltr'>quibusdam</span> <span class='ocrx_word' id='word_1_50' title='bbox 1239 767 1396 815; x_wconf 79' lang='lat' dir='ltr'>etiarn</span> <span class='ocrx_word' id='word_1_51' title='bbox 1449 766 1504 815; x_wconf 77' lang='lat' dir='ltr'>in</span> <span class='ocrx_word' id='word_1_52' title='bbox 1558 764 1713 814; x_wconf 67' lang='lat' dir='ltr'>rehu.</span> 
     </span>
     <span class='ocr_line' id='line_1_8' title="bbox 212 843 1713 915; baseline 0 -18"><span class='ocrx_word' id='word_1_53' title='bbox 212 853 449 911; x_wconf 80' lang='lat' dir='ltr'>conive03</span> <span class='ocrx_word' id='word_1_54' title='bbox 489 854 543 898; x_wconf 91' lang='lat' dir='ltr'>in</span> <span class='ocrx_word' id='word_1_55' title='bbox 577 853 807 898; x_wconf 79' lang='lat' dir='ltr'>maximis</span> <span class='ocrx_word' id='word_1_56' title='bbox 843 865 962 898; x_wconf 87' lang='lat' dir='ltr'>vero</span> <span class='ocrx_word' id='word_1_57' title='bbox 997 849 1163 906; x_wconf 89' lang='lat' dir='ltr'>rebus,</span> <span class='ocrx_word' id='word_1_58' title='bbox 1199 846 1251 896; x_wconf 84' lang='lat' dir='ltr'>id</span> <span class='ocrx_word' id='word_1_59' title='bbox 1287 852 1370 897; x_wconf 81' lang='lat' dir='ltr'>est</span> <span class='ocrx_word' id='word_1_60' title='bbox 1402 848 1458 897; x_wconf 77' lang='lat' dir='ltr'>in</span> <span class='ocrx_word' id='word_1_61' title='bbox 1490 843 1713 915; x_wconf 63' lang='lat' dir='ltr'>Iessibnn,</span> 
     </span>
     <span class='ocr_line' id='line_1_9' title="bbox 211 929 1383 996; baseline -0.001 -17"><span class='ocrx_word' id='word_1_62' title='bbox 211 938 324 980; x_wconf 88' lang='lat' dir='ltr'>acta</span> <span class='ocrx_word' id='word_1_63' title='bbox 347 931 569 980; x_wconf 81' lang='lat' dir='ltr'>Caesaris</span> <span class='ocrx_word' id='word_1_64' title='bbox 592 930 791 979; x_wconf 88' lang='lat' dir='ltr'>dissolvi</span> <span class='ocrx_word' id='word_1_65' title='bbox 820 929 1087 979; x_wconf 80' lang='lat' dir='ltr'>ferendum</span> <span class='ocrx_word' id='word_1_66' title='bbox 1114 946 1216 978; x_wconf 87' lang='lat' dir='ltr'>non</span> <span class='ocrx_word' id='word_1_67' title='bbox 1240 935 1383 996; x_wconf 82' lang='lat' dir='ltr'>puto.</span> 
     </span>
     <span class='ocr_line' id='line_1_10' title="bbox 281 1011 1711 1077; baseline 0.002 -17"><span class='ocrx_word' id='word_1_68' title='bbox 281 1013 423 1061; x_wconf 90' lang='lat' dir='ltr'><strong>VIII.</strong></span> <span class='ocrx_word' id='word_1_69' title='bbox 462 1013 606 1074; x_wconf 85' lang='lat' dir='ltr'>Quae</span> <span class='ocrx_word' id='word_1_70' title='bbox 645 1013 725 1062; x_wconf 88' lang='lat' dir='ltr'>lex</span> <span class='ocrx_word' id='word_1_71' title='bbox 766 1013 961 1073; x_wconf 84' lang='lat' dir='ltr'>melior,</span> <span class='ocrx_word' id='word_1_72' title='bbox 997 1011 1187 1072; x_wconf 84' lang='lat' dir='ltr'>utilior,</span> <span class='ocrx_word' id='word_1_73' title='bbox 1224 1014 1421 1077; x_wconf 71' lang='lat' dir='ltr'>optima</span> <span class='ocrx_word' id='word_1_74' title='bbox 1455 1013 1616 1063; x_wconf 71' lang='lat' dir='ltr'>etiam</span> <span class='ocrx_word' id='word_1_75' title='bbox 1653 1025 1711 1063; x_wconf 67' lang='grc' dir='ltr'><strong>κ</strong></span> 
     </span>
     <span class='ocr_line' id='line_1_11' title="bbox 133 1094 1715 1161; baseline 0.001 -19"><span class='ocrx_word' id='word_1_76' title='bbox 133 1101 182 1142; x_wconf 87' lang='grc'>19</span> <span class='ocrx_word' id='word_1_77' title='bbox 214 1094 415 1159; x_wconf 86' lang='lat' dir='ltr'>publica</span> <span class='ocrx_word' id='word_1_78' title='bbox 450 1099 646 1160; x_wconf 82' lang='lat' dir='ltr'>saepius</span> <span class='ocrx_word' id='word_1_79' title='bbox 685 1095 924 1158; x_wconf 79' lang='lat' dir='ltr'>flagitata,</span> <span class='ocrx_word' id='word_1_80' title='bbox 965 1111 1116 1161; x_wconf 89' lang='lat' dir='ltr'>quam</span> <span class='ocrx_word' id='word_1_81' title='bbox 1166 1110 1232 1144; x_wconf 88' lang='lat' dir='ltr'>ne</span> <span class='ocrx_word' id='word_1_82' title='bbox 1278 1097 1566 1160; x_wconf 70' lang='lat' dir='ltr'>praetoriae</span> <span class='ocrx_word' id='word_1_83' title='bbox 1603 1108 1715 1160; x_wconf 60' lang='lat' dir='ltr'>pro</span> 
     </span>
     <span class='ocr_line' id='line_1_12' title="bbox 214 1175 1714 1243; baseline 0.001 -19"><span class='ocrx_word' id='word_1_84' title='bbox 214 1180 405 1225; x_wconf 88' lang='lat' dir='ltr'>vinciae</span> <span class='ocrx_word' id='word_1_85' title='bbox 430 1178 541 1241; x_wconf 84' lang='lat' dir='ltr'>plus</span> <span class='ocrx_word' id='word_1_86' title='bbox 566 1195 715 1242; x_wconf 86' lang='lat' dir='ltr'>quam</span> <span class='ocrx_word' id='word_1_87' title='bbox 739 1194 929 1226; x_wconf 87' lang='lat' dir='ltr'>annum</span> <span class='ocrx_word' id='word_1_88' title='bbox 962 1193 1091 1226; x_wconf 81' lang='lat' dir='ltr'>neve</span> <span class='ocrx_word' id='word_1_89' title='bbox 1116 1176 1231 1242; x_wconf 75' lang='lat' dir='ltr'>plus</span> <span class='ocrx_word' id='word_1_90' title='bbox 1261 1191 1417 1243; x_wconf 73' lang='lat' dir='ltr'>qum</span> <span class='ocrx_word' id='word_1_91' title='bbox 1446 1175 1714 1226; x_wconf 73' lang='lat' dir='ltr'>biennium</span> 
     </span>
     <span class='ocr_line' id='line_1_13' title="bbox 214 1256 1715 1324; baseline 0.001 -18"><span class='ocrx_word' id='word_1_92' title='bbox 214 1259 498 1307; x_wconf 88' lang='lat' dir='ltr'>consulares</span> <span class='ocrx_word' id='word_1_93' title='bbox 533 1261 926 1324; x_wconf 85' lang='lat' dir='ltr'>optinerentur?</span> <span class='ocrx_word' id='word_1_94' title='bbox 1000 1259 1113 1307; x_wconf 79' lang='lat' dir='ltr'>Hac</span> <span class='ocrx_word' id='word_1_95' title='bbox 1148 1258 1266 1324; x_wconf 78' lang='lat' dir='ltr'>Iege</span> <span class='ocrx_word' id='word_1_96' title='bbox 1300 1256 1503 1309; x_wconf 77' lang='lat' dir='ltr'>sublata</span> <span class='ocrx_word' id='word_1_97' title='bbox 1536 1256 1715 1308; x_wconf 78' lang='lat' dir='ltr'>viden-</span> 
     </span>
     <span class='ocr_line' id='line_1_14' title="bbox 213 1338 1715 1407; baseline 0.003 -19"><span class='ocrx_word' id='word_1_98' title='bbox 213 1346 363 1389; x_wconf 84' lang='lat' dir='ltr'>turne</span> <span class='ocrx_word' id='word_1_99' title='bbox 383 1341 520 1390; x_wconf 90' lang='lat' dir='ltr'>vobis</span> <span class='ocrx_word' id='word_1_100' title='bbox 538 1358 682 1406; x_wconf 89' lang='lat' dir='ltr'>posse</span> <span class='ocrx_word' id='word_1_101' title='bbox 698 1341 923 1391; x_wconf 77' lang='lat' dir='ltr'>Caesaris</span> <span class='ocrx_word' id='word_1_102' title='bbox 940 1348 1054 1391; x_wconf 85' lang='lat' dir='ltr'>acta</span> <span class='ocrx_word' id='word_1_103' title='bbox 1073 1342 1296 1390; x_wconf 81' lang='lat' dir='ltr'>servari?</span> <span class='ocrx_word' id='word_1_104' title='bbox 1366 1339 1544 1403; x_wconf 82' lang='lat' dir='ltr'>Quid?</span> <span class='ocrx_word' id='word_1_105' title='bbox 1577 1338 1715 1407; x_wconf 67' lang='lat' dir='ltr'>lege,</span> 
     </span>
     <span class='ocr_line' id='line_1_15' title="bbox 216 1423 1716 1488; baseline 0.003 -18"><span class='ocrx_word' id='word_1_106' title='bbox 216 1438 344 1486; x_wconf 88' lang='lat' dir='ltr'>quae</span> <span class='ocrx_word' id='word_1_107' title='bbox 368 1423 686 1488; x_wconf 81' lang='lat' dir='ltr'>promulgata</span> <span class='ocrx_word' id='word_1_108' title='bbox 711 1430 791 1472; x_wconf 89' lang='lat' dir='ltr'>est</span> <span class='ocrx_word' id='word_1_109' title='bbox 814 1423 879 1473; x_wconf 91' lang='lat' dir='ltr'>de</span> <span class='ocrx_word' id='word_1_110' title='bbox 906 1428 1060 1472; x_wconf 86' lang='lat' dir='ltr'>tertia</span> <span class='ocrx_word' id='word_1_111' title='bbox 1082 1423 1308 1484; x_wconf 78' lang='lat' dir='ltr'>decuria,</span> <span class='ocrx_word' id='word_1_112' title='bbox 1339 1439 1513 1474; x_wconf 79' lang='lat' dir='ltr'>nonne</span> <span class='ocrx_word' id='word_1_113' title='bbox 1535 1438 1716 1476; x_wconf 73' lang='lat' dir='ltr'>omne·</span> 
     </span>
     <span class='ocr_line' id='line_1_16' title="bbox 214 1503 1716 1569; baseline 0.004 -18"><span class='ocrx_word' id='word_1_114' title='bbox 214 1503 501 1554; x_wconf 85' lang='lat' dir='ltr'>iudiciariae</span> <span class='ocrx_word' id='word_1_115' title='bbox 526 1506 667 1569; x_wconf 86' lang='lat' dir='ltr'>leges</span> <span class='ocrx_word' id='word_1_116' title='bbox 691 1506 917 1555; x_wconf 76' lang='lat' dir='ltr'>Caesaris</span> <span class='ocrx_word' id='word_1_117' title='bbox 939 1506 1323 1556; x_wconf 78' lang='lat' dir='ltr'>dissolvuntur?</span> <span class='ocrx_word' id='word_1_118' title='bbox 1395 1504 1465 1556; x_wconf 71' lang='lat' dir='ltr'>Et</span> <span class='ocrx_word' id='word_1_119' title='bbox 1486 1520 1579 1556; x_wconf 74' lang='lat' dir='ltr'>voa</span> <span class='ocrx_word' id='word_1_120' title='bbox 1597 1510 1716 1557; x_wconf 70' lang='lat' dir='ltr'>aet·</span> 
     </span>
     <span class='ocr_line' id='line_1_17' title="bbox 214 1585 1714 1653; baseline 0.004 -20"><span class='ocrx_word' id='word_1_121' title='bbox 214 1585 437 1634; x_wconf 79' lang='lat' dir='ltr'>Caesaris</span> <span class='ocrx_word' id='word_1_122' title='bbox 471 1587 766 1647; x_wconf 85' lang='lat' dir='ltr'>defenditis,</span> <span class='ocrx_word' id='word_1_123' title='bbox 801 1592 887 1653; x_wconf 86' lang='lat' dir='ltr'>qui</span> <span class='ocrx_word' id='word_1_124' title='bbox 935 1588 1078 1651; x_wconf 79' lang='lat' dir='ltr'>leges</span> <span class='ocrx_word' id='word_1_125' title='bbox 1113 1591 1222 1636; x_wconf 77' lang='lat' dir='ltr'>eius</span> <span class='ocrx_word' id='word_1_126' title='bbox 1258 1588 1530 1638; x_wconf 73' lang='lat' dir='ltr'>evertitis?</span> <span class='ocrx_word' id='word_1_127' title='bbox 1600 1586 1714 1639; x_wconf 72' lang='lat' dir='ltr'>Nm</span> 
     </span>
     <span class='ocr_line' id='line_1_18' title="bbox 214 1666 1714 1733; baseline 0.004 -19"><span class='ocrx_word' id='word_1_128' title='bbox 214 1666 363 1726; x_wconf 87' lang='lat' dir='ltr'>forte,</span> <span class='ocrx_word' id='word_1_129' title='bbox 387 1672 428 1716; x_wconf 88' lang='lat' dir='ltr'>si</span> <span class='ocrx_word' id='word_1_130' title='bbox 451 1669 572 1733; x_wconf 90' lang='lat' dir='ltr'>quid</span> <span class='ocrx_word' id='word_1_131' title='bbox 599 1674 869 1718; x_wconf 80' lang='lat' dir='ltr'>memoriae</span> <span class='ocrx_word' id='word_1_132' title='bbox 893 1687 1042 1719; x_wconf 88' lang='lat' dir='ltr'>causa</span> <span class='ocrx_word' id='word_1_133' title='bbox 1078 1670 1282 1719; x_wconf 84' lang='lat' dir='ltr'>rettulit</span> <span class='ocrx_word' id='word_1_134' title='bbox 1307 1674 1358 1719; x_wconf 85' lang='lat' dir='ltr'>in</span> <span class='ocrx_word' id='word_1_135' title='bbox 1384 1667 1639 1731; x_wconf 80' lang='lat' dir='ltr'>libellum,</span> <span class='ocrx_word' id='word_1_136' title='bbox 1660 1667 1714 1721; x_wconf 70' lang='lat' dir='ltr'>id</span> 
     </span>
     <span class='ocr_line' id='line_1_19' title="bbox 215 1750 1713 1820; baseline 0.006 -25"><span class='ocrx_word' id='word_1_137' title='bbox 215 1750 561 1799; x_wconf 82' lang='lat' dir='ltr'>numerabitur</span> <span class='ocrx_word' id='word_1_138' title='bbox 585 1755 636 1799; x_wconf 90' lang='lat' dir='ltr'>in</span> <span class='ocrx_word' id='word_1_139' title='bbox 660 1755 785 1800; x_wconf 87' lang='lat' dir='ltr'>actis</span> <span class='ocrx_word' id='word_1_140' title='bbox 818 1759 887 1811; x_wconf 90' lang='lat' dir='ltr'>et,</span> <span class='ocrx_word' id='word_1_141' title='bbox 921 1756 1150 1818; x_wconf 83' lang='lat' dir='ltr'>quamvis</span> <span class='ocrx_word' id='word_1_142' title='bbox 1175 1755 1409 1820; x_wconf 84' lang='lat' dir='ltr'>iniquum</span> <span class='ocrx_word' id='word_1_143' title='bbox 1440 1758 1499 1803; x_wconf 72' lang='lat' dir='ltr'>et</span> <span class='ocrx_word' id='word_1_144' title='bbox 1528 1750 1713 1804; x_wconf 74' lang='lat' dir='ltr'>inutile</span> 
     </span>
     <span class='ocr_line' id='line_1_20' title="bbox 214 1831 1716 1901; baseline 0.006 -24"><span class='ocrx_word' id='word_1_145' title='bbox 214 1834 298 1890; x_wconf 89' lang='lat' dir='ltr'>sit,</span> <span class='ocrx_word' id='word_1_146' title='bbox 355 1831 702 1891; x_wconf 81' lang='lat' dir='ltr'>defendetur3</span> <span class='ocrx_word' id='word_1_147' title='bbox 784 1834 918 1899; x_wconf 88' lang='lat' dir='ltr'>quod</span> <span class='ocrx_word' id='word_1_148' title='bbox 978 1834 1041 1883; x_wconf 87' lang='lat' dir='ltr'>ad</span> <span class='ocrx_word' id='word_1_149' title='bbox 1102 1834 1347 1901; x_wconf 86' lang='lat' dir='ltr'>populum</span> <span class='ocrx_word' id='word_1_150' title='bbox 1413 1838 1716 1886; x_wconf 68' lang='lat' dir='ltr'>centuriatis</span> 
     </span>
     <span class='ocr_line' id='line_1_21' title="bbox 214 1915 1579 1973; baseline 0.006 -14"><span class='ocrx_word' id='word_1_151' title='bbox 214 1917 428 1962; x_wconf 88' lang='lat' dir='ltr'>comitiis</span> <span class='ocrx_word' id='word_1_152' title='bbox 451 1915 588 1973; x_wconf 88' lang='lat' dir='ltr'>tulit,</span> <span class='ocrx_word' id='word_1_153' title='bbox 613 1915 663 1963; x_wconf 90' lang='lat' dir='ltr'>id</span> <span class='ocrx_word' id='word_1_154' title='bbox 687 1919 740 1964; x_wconf 89' lang='lat' dir='ltr'>in</span> <span class='ocrx_word' id='word_1_155' title='bbox 762 1920 890 1966; x_wconf 88' lang='lat' dir='ltr'>actis</span> <span class='ocrx_word' id='word_1_156' title='bbox 914 1917 1139 1966; x_wconf 86' lang='lat' dir='ltr'>Caesaris</span> <span class='ocrx_word' id='word_1_157' title='bbox 1163 1934 1266 1966; x_wconf 87' lang='lat' dir='ltr'>non</span> <span class='ocrx_word' id='word_1_158' title='bbox 1293 1916 1579 1967; x_wconf 84' lang='lat' dir='ltr'>habebitur.</span> 
     </span>
     <span class='ocr_line' id='line_1_22' title="bbox 280 1995 1716 2061; baseline 0.006 -19"><span class='ocrx_word' id='word_1_159' title='bbox 280 1995 353 2043; x_wconf 87' lang='lat' dir='ltr'>At</span> <span class='ocrx_word' id='word_1_160' title='bbox 400 2013 529 2060; x_wconf 89' lang='lat' dir='ltr'>quae</span> <span class='ocrx_word' id='word_1_161' title='bbox 587 2001 683 2045; x_wconf 85' lang='lat' dir='ltr'>ista</span> <span class='ocrx_word' id='word_1_162' title='bbox 727 2003 880 2047; x_wconf 87' lang='lat' dir='ltr'>tertia</span> <span class='ocrx_word' id='word_1_163' title='bbox 936 1998 1178 2047; x_wconf 86' lang='lat' dir='ltr'>decuria?</span> <span class='ocrx_word' id='word_1_164' title='bbox 1247 2004 1281 2028; x_wconf 74' lang='lat'>‘¹</span> <span class='ocrx_word' id='word_1_165' title='bbox 1295 1999 1716 2061; x_wconf 77' lang='lat' dir='ltr'>centurionum,”</span> 
     </span>
     <span class='ocr_line' id='line_1_23' title="bbox 131 2077 1717 2148; baseline 0.006 -26"><span class='ocrx_word' id='word_1_166' title='bbox 131 2081 185 2122; x_wconf 83' lang='lat'>20</span> <span class='ocrx_word' id='word_1_167' title='bbox 215 2078 394 2140; x_wconf 87' lang='lat' dir='ltr'>inquit.</span> <span class='ocrx_word' id='word_1_168' title='bbox 468 2077 640 2138; x_wconf 84' lang='lat' dir='ltr'>Quid?</span> <span class='ocrx_word' id='word_1_169' title='bbox 675 2082 757 2127; x_wconf 85' lang='lat' dir='ltr'>isti</span> <span class='ocrx_word' id='word_1_170' title='bbox 782 2081 943 2128; x_wconf 85' lang='lat' dir='ltr'>ordini</span> <span class='ocrx_word' id='word_1_171' title='bbox 972 2081 1223 2130; x_wconf 85' lang='lat' dir='ltr'>iudicatus</span> <span class='ocrx_word' id='word_1_172' title='bbox 1246 2081 1365 2148; x_wconf 78' lang='lat' dir='ltr'>Iege</span> <span class='ocrx_word' id='word_1_173' title='bbox 1390 2080 1534 2145; x_wconf 70' lang='lat' dir='ltr'>Iulia,</span> <span class='ocrx_word' id='word_1_174' title='bbox 1560 2085 1717 2132; x_wconf 78' lang='lat' dir='ltr'>etiam</span> 
     </span>
     <span class='ocr_line' id='line_1_24' title="bbox 213 2159 1718 2229; baseline 0.009 -25"><span class='ocrx_word' id='word_1_175' title='bbox 213 2164 334 2206; x_wconf 89' lang='lat' dir='ltr'>ante</span> <span class='ocrx_word' id='word_1_176' title='bbox 396 2159 650 2224; x_wconf 86' lang='lat' dir='ltr'>Pompeia,</span> <span class='ocrx_word' id='word_1_177' title='bbox 721 2162 927 2210; x_wconf 86' lang='lat' dir='ltr'>Aurelia</span> <span class='ocrx_word' id='word_1_178' title='bbox 986 2180 1087 2211; x_wconf 88' lang='lat' dir='ltr'>non</span> <span class='ocrx_word' id='word_1_179' title='bbox 1147 2163 1395 2229; x_wconf 80' lang='lat' dir='ltr'>patebat?</span> <span class='ocrx_word' id='word_1_180' title='bbox 1475 2162 1718 2218; x_wconf 71' lang='lat' dir='ltr'>“Cema</span> 
     </span>
     <span class='ocr_line' id='line_1_25' title="bbox 214 2241 1719 2313; baseline 0.009 -27"><span class='ocrx_word' id='word_1_181' title='bbox 214 2241 654 2302; x_wconf 86' lang='lat' dir='ltr'>praefiniebatur,”</span> <span class='ocrx_word' id='word_1_182' title='bbox 719 2247 899 2308; x_wconf 89' lang='lat' dir='ltr'>inquit.</span> <span class='ocrx_word' id='word_1_183' title='bbox 982 2246 1099 2293; x_wconf 89' lang='lat' dir='ltr'>Non</span> <span class='ocrx_word' id='word_1_184' title='bbox 1157 2249 1447 2296; x_wconf 78' lang='lat' dir='ltr'>centurioni</span> <span class='ocrx_word' id='word_1_185' title='bbox 1507 2246 1719 2313; x_wconf 73' lang='lat' dir='ltr'>quidem</span> 
     </span>
     <span class='ocr_line' id='line_1_26' title="bbox 211 2321 1718 2394; baseline 0.007 -26"><span class='ocrx_word' id='word_1_186' title='bbox 211 2321 389 2380; x_wconf 89' lang='lat' dir='ltr'>solum,</span> <span class='ocrx_word' id='word_1_187' title='bbox 437 2323 526 2371; x_wconf 89' lang='lat' dir='ltr'>sed</span> <span class='ocrx_word' id='word_1_188' title='bbox 572 2329 732 2388; x_wconf 88' lang='lat' dir='ltr'>equiti</span> <span class='ocrx_word' id='word_1_189' title='bbox 779 2330 933 2374; x_wconf 87' lang='lat' dir='ltr'>etiam</span> <span class='ocrx_word' id='word_1_190' title='bbox 983 2327 1237 2385; x_wconf 86' lang='lat' dir='ltr'>Romano;</span> <span class='ocrx_word' id='word_1_191' title='bbox 1272 2331 1448 2394; x_wconf 82' lang='lat' dir='ltr'>itaque</span> <span class='ocrx_word' id='word_1_192' title='bbox 1487 2332 1582 2378; x_wconf 76' lang='lat' dir='ltr'>viri</span> <span class='ocrx_word' id='word_1_193' title='bbox 1615 2328 1718 2379; x_wconf 72' lang='lat' dir='ltr'>for·-</span> 
     </span>
     <span class='ocr_line' id='line_1_27' title="bbox 265 2433 1719 2494; baseline 0.008 -19"><span class='ocrx_word' id='word_1_194' title='bbox 265 2433 283 2459; x_wconf 86' lang='lat'>²</span> <span class='ocrx_word' id='word_1_195' title='bbox 309 2433 356 2476; x_wconf 85' lang='lat' dir='ltr'>G.</span> <span class='ocrx_word' id='word_1_196' title='bbox 400 2434 601 2477; x_wconf 72' lang='lat' dir='ltr'>confined</span> <span class='ocrx_word' id='word_1_197' title='bbox 649 2437 726 2478; x_wconf 81' lang='lat' dir='ltr'>the</span> <span class='ocrx_word' id='word_1_198' title='bbox 762 2437 1017 2494; x_wconf 71' lang='lat' dir='ltr'>jury-pane!</span> <span class='ocrx_word' id='word_1_199' title='bbox 1062 2444 1112 2482; x_wconf 78' lang='lat' dir='ltr'>to</span> <span class='ocrx_word' id='word_1_200' title='bbox 1148 2440 1228 2483; x_wconf 84' lang='lat' dir='ltr'>the</span> <span class='ocrx_word' id='word_1_201' title='bbox 1263 2439 1476 2484; x_wconf 71' lang='lat' dir='ltr'>Senator·</span> <span class='ocrx_word' id='word_1_202' title='bbox 1510 2441 1602 2487; x_wconf 65' lang='lat' dir='ltr'>and</span> <span class='ocrx_word' id='word_1_203' title='bbox 1637 2442 1719 2487; x_wconf 65' lang='lat' dir='ltr'>sto</span> 
     </span>
     <span class='ocr_line' id='line_1_28' title="bbox 212 2487 1718 2548; baseline 0.009 -20"><span class='ocrx_word' id='word_1_204' title='bbox 212 2487 408 2542; x_wconf 76' lang='lat' dir='ltr'>knights.</span> <span class='ocrx_word' id='word_1_205' title='bbox 482 2489 577 2531; x_wconf 82' lang='lat' dir='ltr'>The</span> <span class='ocrx_word' id='word_1_206' title='bbox 623 2491 746 2533; x_wconf 84' lang='lat' dir='ltr'>third</span> <span class='ocrx_word' id='word_1_207' title='bbox 794 2494 925 2547; x_wconf 71' lang='lat' dir='ltr'>pane-l</span> <span class='ocrx_word' id='word_1_208' title='bbox 972 2494 1190 2548; x_wconf 76' lang='lat' dir='ltr'>proposed</span> <span class='ocrx_word' id='word_1_209' title='bbox 1240 2508 1332 2536; x_wconf 68' lang='lat' dir='ltr'>was</span> <span class='ocrx_word' id='word_1_210' title='bbox 1378 2503 1427 2538; x_wconf 83' lang='lat' dir='ltr'>to</span> <span class='ocrx_word' id='word_1_211' title='bbox 1463 2497 1635 2540; x_wconf 70' lang='lat' dir='ltr'>condat</span> <span class='ocrx_word' id='word_1_212' title='bbox 1667 2496 1718 2541; x_wconf 67' lang='grc' dir='ltr'>οἱ</span> 
     </span>
    </p>
   </div>
   <div class='ocr_carea' id='block_1_3' title="bbox 212 2545 1713 2652">
    <p class='ocr_par' dir='ltr' id='par_1_3' title="bbox 212 2545 1713 2652">
     <span class='ocr_line' id='line_1_29' title="bbox 212 2545 1713 2643; baseline 0.009 -60"><span class='ocrx_word' id='word_1_213' title='bbox 212 2545 484 2643; x_wconf 53' lang='grc' dir='ltr'>ἓοῃωὶἰὸῐιε,</span> <span class='ocrx_word' id='word_1_214' title='bbox 503 2545 591 2587; x_wconf 85' lang='lat' dir='ltr'>and</span> <span class='ocrx_word' id='word_1_215' title='bbox 603 2559 714 2588; x_wconf 87' lang='lat' dir='ltr'>even</span> <span class='ocrx_word' id='word_1_216' title='bbox 727 2547 773 2589; x_wconf 78' lang='lat' dir='ltr'>oi</span> <span class='ocrx_word' id='word_1_217' title='bbox 793 2549 992 2602; x_wconf 78' lang='lat' dir='ltr'>privates</span> <span class='ocrx_word' id='word_1_218' title='bbox 1002 2550 1050 2590; x_wconf 77' lang='lat' dir='ltr'>of</span> <span class='ocrx_word' id='word_1_219' title='bbox 1063 2551 1140 2591; x_wconf 84' lang='lat' dir='ltr'>the</span> <span class='ocrx_word' id='word_1_220' title='bbox 1153 2549 1288 2605; x_wconf 80' lang='lat' dir='ltr'>Legio</span> <span class='ocrx_word' id='word_1_221' title='bbox 1304 2549 1493 2594; x_wconf 64' lang='lat' dir='ltr'>Alauda</span> <span class='ocrx_word' id='word_1_222' title='bbox 1543 2549 1614 2595; x_wconf 70' lang='lat' dir='ltr'>Ol.</span> <span class='ocrx_word' id='word_1_223' title='bbox 1629 2565 1673 2597; x_wconf 85' lang='lat' dir='ltr'>n.</span> <span class='ocrx_word' id='word_1_224' title='bbox 1690 2553 1713 2596; x_wconf 89' lang='lat' dir='ltr'>l</span> 
     </span>
     <span class='ocr_line' id='line_1_30' title="bbox 241 2611 423 2652; baseline 0.005 -12"><span class='ocrx_word' id='word_1_225' title='bbox 241 2611 270 2641; x_wconf 87' lang='lat' dir='ltr'>n</span> <span class='ocrx_word' id='word_1_226' title='bbox 288 2611 330 2652; x_wconf 90' lang='lat' dir='ltr'>p.</span> <span class='ocrx_word' id='word_1_227' title='bbox 412 2630 423 2641; x_wconf 93' lang='lat'>.</span> 
     </span>
    </p>
   </div>
   <div class='ocr_carea' id='block_1_4' title="bbox 209 2680 275 2748">
    <p class='ocr_par' dir='ltr' id='par_1_4' title="bbox 209 2680 275 2748">
     <span class='ocr_line' id='line_1_31' title="bbox 209 2680 275 2748; baseline 0 -21"><span class='ocrx_word' id='word_1_228' title='bbox 209 2680 275 2748; x_wconf 69' lang='lat'>,38</span> 
     </span>
    </p>
   </div>
  </div>
 </body>
</html>
