<?xml version="1.0" encoding="UTF-8"?>
<!DOCTYPE html PUBLIC "-//W3C//DTD XHTML 1.0 Transitional//EN"
    "http://www.w3.org/TR/xhtml1/DTD/xhtml1-transitional.dtd">
<html xmlns="http://www.w3.org/1999/xhtml" xml:lang="en" lang="en">
 <head>
  <title>
</title>
<meta http-equiv="Content-Type" content="text/html;charset=utf-8" />
  <meta name='ocr-system' content='tesseract 3.04.00' />
  <meta name='ocr-capabilities' content='ocr_page ocr_carea ocr_par ocr_line ocrx_word'/>
</head>
<body>
  <div class='ocr_page' id='page_1' title='image "./philippics00ciceuoft_0056.png"; bbox 0 0 1826 2892; ppageno 0'>
   <div class='ocr_carea' id='block_1_1' title="bbox 131 1630 182 1671">
    <p class='ocr_par' dir='ltr' id='par_1_1' title="bbox 131 1630 182 1671">
     <span class='ocr_line' id='line_1_1' title="bbox 131 1630 182 1671; baseline 0.02 -1"><span class='ocrx_word' id='word_1_1' title='bbox 131 1630 182 1671; x_wconf 88' lang='grc'>21</span> 
     </span>
    </p>
   </div>
   <div class='ocr_carea' id='block_1_2' title="bbox 483 213 1422 272">
    <p class='ocr_par' dir='ltr' id='par_1_2' title="bbox 483 213 1422 272">
     <span class='ocr_line' id='line_1_2' title="bbox 483 213 1422 272; baseline -0.007 0"><span class='ocrx_word' id='word_1_2' title='bbox 483 221 764 272; x_wconf 84' lang='lat' dir='ltr'><strong>MARCUS</strong></span> <span class='ocrx_word' id='word_1_3' title='bbox 811 217 1118 270; x_wconf 88' lang='lat' dir='ltr'>TULLIUS</span> <span class='ocrx_word' id='word_1_4' title='bbox 1165 213 1422 266; x_wconf 73' lang='lat' dir='ltr'>CICERO</span> 
     </span>
    </p>
   </div>
   <div class='ocr_carea' id='block_1_3' title="bbox 210 344 1721 2292">
    <p class='ocr_par' dir='ltr' id='par_1_3' title="bbox 210 344 1721 1613">
     <span class='ocr_line' id='line_1_3' title="bbox 212 344 1712 420; baseline -0.005 -15"><span class='ocrx_word' id='word_1_5' title='bbox 212 359 391 405; x_wconf 82' lang='lat' dir='ltr'><strong>tissimi</strong></span> <span class='ocrx_word' id='word_1_6' title='bbox 422 362 576 420; x_wconf 88' lang='lat' dir='ltr'>atque</span> <span class='ocrx_word' id='word_1_7' title='bbox 600 353 958 408; x_wconf 80' lang='lat' dir='ltr'>honestissimi,</span> <span class='ocrx_word' id='word_1_8' title='bbox 981 353 1066 415; x_wconf 89' lang='lat' dir='ltr'>qui</span> <span class='ocrx_word' id='word_1_9' title='bbox 1091 346 1296 397; x_wconf 75' lang='lat' dir='ltr'>ordines</span> <span class='ocrx_word' id='word_1_10' title='bbox 1317 344 1597 408; x_wconf 69' lang='lat' dir='ltr'>duxerunt,</span> <span class='ocrx_word' id='word_1_11' title='bbox 1627 360 1712 398; x_wconf 71' lang='lat' dir='ltr'>re·</span> 
     </span>
     <span class='ocr_line' id='line_1_4' title="bbox 212 419 1712 490; baseline -0.007 -11"><span class='ocrx_word' id='word_1_12' title='bbox 212 437 268 479; x_wconf 90' lang='lat' dir='ltr'>et</span> <span class='ocrx_word' id='word_1_13' title='bbox 289 430 514 478; x_wconf 89' lang='lat' dir='ltr'>iudicant</span> <span class='ocrx_word' id='word_1_14' title='bbox 547 435 602 477; x_wconf 91' lang='lat' dir='ltr'>et</span> <span class='ocrx_word' id='word_1_15' title='bbox 635 427 998 490; x_wconf 78' lang='lat' dir='ltr'>iudicaverunt.</span> <span class='ocrx_word' id='word_1_16' title='bbox 1071 429 1101 452; x_wconf 86' lang='lat'><strong>“</strong></span> <span class='ocrx_word' id='word_1_17' title='bbox 1123 422 1237 471; x_wconf 87' lang='lat' dir='ltr'>Non</span> <span class='ocrx_word' id='word_1_18' title='bbox 1261 419 1501 489; x_wconf 75' lang='lat' dir='ltr'>quaero‚”</span> <span class='ocrx_word' id='word_1_19' title='bbox 1524 422 1712 489; x_wconf 68' lang='lat' dir='ltr'>inquit,</span> 
     </span>
     <span class='ocr_line' id='line_1_5' title="bbox 210 492 1712 567; baseline -0.003 -14"><span class='ocrx_word' id='word_1_20' title='bbox 210 510 244 534; x_wconf 90' lang='lat'><strong><em>“</em></strong></span> <span class='ocrx_word' id='word_1_21' title='bbox 262 508 397 553; x_wconf 89' lang='lat' dir='ltr'>istos.</span> <span class='ocrx_word' id='word_1_22' title='bbox 469 503 787 567; x_wconf 87' lang='lat' dir='ltr'>Quicumque</span> <span class='ocrx_word' id='word_1_23' title='bbox 809 500 1039 549; x_wconf 84' lang='lat' dir='ltr'>ordinem</span> <span class='ocrx_word' id='word_1_24' title='bbox 1064 498 1230 557; x_wconf 83' lang='lat' dir='ltr'>duxit,</span> <span class='ocrx_word' id='word_1_25' title='bbox 1252 492 1498 548; x_wconf 75' lang='lat' dir='ltr'>iudicet.”</span> <span class='ocrx_word' id='word_1_26' title='bbox 1566 497 1648 548; x_wconf 74' lang='lat' dir='ltr'>At</span> <span class='ocrx_word' id='word_1_27' title='bbox 1666 497 1712 550; x_wconf 67' lang='lat' dir='ltr'>d</span> 
     </span>
     <span class='ocr_line' id='line_1_6' title="bbox 213 569 1715 643; baseline -0.003 -16"><span class='ocrx_word' id='word_1_28' title='bbox 213 579 428 637; x_wconf 84' lang='lat' dir='ltr'>ferretis,</span> <span class='ocrx_word' id='word_1_29' title='bbox 451 581 754 643; x_wconf 87' lang='lat' dir='ltr'>quicumque</span> <span class='ocrx_word' id='word_1_30' title='bbox 779 591 911 641; x_wconf 90' lang='lat' dir='ltr'>equo</span> <span class='ocrx_word' id='word_1_31' title='bbox 934 578 1219 633; x_wconf 79' lang='lat' dir='ltr'>meruisset,</span> <span class='ocrx_word' id='word_1_32' title='bbox 1242 570 1378 638; x_wconf 87' lang='lat' dir='ltr'>quod</span> <span class='ocrx_word' id='word_1_33' title='bbox 1402 577 1485 623; x_wconf 69' lang='lat' dir='ltr'>eet</span> <span class='ocrx_word' id='word_1_34' title='bbox 1506 569 1715 634; x_wconf 63' lang='lat' dir='ltr'>buflo..</span> 
     </span>
     <span class='ocr_line' id='line_1_7' title="bbox 213 645 1716 718; baseline -0.002 -16"><span class='ocrx_word' id='word_1_35' title='bbox 213 657 404 702; x_wconf 90' lang='lat' dir='ltr'>nemini</span> <span class='ocrx_word' id='word_1_36' title='bbox 423 653 735 718; x_wconf 52' lang='lat' dir='ltr'>probat-etim</span> <span class='ocrx_word' id='word_1_37' title='bbox 771 654 822 699; x_wconf 89' lang='lat' dir='ltr'>in</span> <span class='ocrx_word' id='word_1_38' title='bbox 840 649 1006 698; x_wconf 88' lang='lat' dir='ltr'>iudice</span> <span class='ocrx_word' id='word_1_39' title='bbox 1032 652 1170 698; x_wconf 89' lang='lat' dir='ltr'>enim</span> <span class='ocrx_word' id='word_1_40' title='bbox 1194 645 1716 713; x_wconf 62' lang='lat' dir='ltr'>spectarletsortum</span> 
     </span>
     <span class='ocr_line' id='line_1_8' title="bbox 213 719 1716 790; baseline -0.001 -14"><span class='ocrx_word' id='word_1_41' title='bbox 213 727 371 776; x_wconf 90' lang='lat' dir='ltr'>debet</span> <span class='ocrx_word' id='word_1_42' title='bbox 388 733 442 775; x_wconf 92' lang='lat' dir='ltr'>et</span> <span class='ocrx_word' id='word_1_43' title='bbox 459 727 695 790; x_wconf 73' lang='lat' dir='ltr'>dignitas.</span> <span class='ocrx_word' id='word_1_44' title='bbox 742 730 771 752; x_wconf 82' lang='lat'>‘⁸</span> <span class='ocrx_word' id='word_1_45' title='bbox 791 725 905 773; x_wconf 86' lang='lat' dir='ltr'>Non</span> <span class='ocrx_word' id='word_1_46' title='bbox 920 723 1157 789; x_wconf 79' lang='lat' dir='ltr'>quaero,”</span> <span class='ocrx_word' id='word_1_47' title='bbox 1175 725 1362 789; x_wconf 81' lang='lat' dir='ltr'>inquit,</span> <span class='ocrx_word' id='word_1_48' title='bbox 1380 726 1411 752; x_wconf 83' lang='lat'>⁸‘</span> <span class='ocrx_word' id='word_1_49' title='bbox 1425 725 1557 781; x_wconf 65' lang='grc' dir='ltr'>Μαι</span> <span class='ocrx_word' id='word_1_50' title='bbox 1578 719 1716 774; x_wconf 68' lang='lat' dir='ltr'>eddo</span> 
     </span>
     <span class='ocr_line' id='line_1_9' title="bbox 214 795 1717 864; baseline -0.002 -13"><span class='ocrx_word' id='word_1_51' title='bbox 214 806 368 851; x_wconf 89' lang='lat' dir='ltr'>etiam</span> <span class='ocrx_word' id='word_1_52' title='bbox 401 801 593 850; x_wconf 88' lang='lat' dir='ltr'>iudices</span> <span class='ocrx_word' id='word_1_53' title='bbox 639 799 964 864; x_wconf 77' lang='lat' dir='ltr'>manipularis</span> <span class='ocrx_word' id='word_1_54' title='bbox 1010 815 1072 847; x_wconf 85' lang='lat' dir='ltr'>ex</span> <span class='ocrx_word' id='word_1_55' title='bbox 1115 797 1321 862; x_wconf 79' lang='lat' dir='ltr'>legione</span> <span class='ocrx_word' id='word_1_56' title='bbox 1370 795 1717 857; x_wconf 67' lang='lat' dir='ltr'>Mandant-3</span> 
     </span>
     <span class='ocr_line' id='line_1_10' title="bbox 213 870 1716 939; baseline -0.001 -14"><span class='ocrx_word' id='word_1_57' title='bbox 213 877 361 925; x_wconf 84' lang='lat' dir='ltr'>aliter</span> <span class='ocrx_word' id='word_1_58' title='bbox 384 880 519 925; x_wconf 88' lang='lat' dir='ltr'>enim</span> <span class='ocrx_word' id='word_1_59' title='bbox 555 879 712 924; x_wconf 83' lang='lat' dir='ltr'>nostri</span> <span class='ocrx_word' id='word_1_60' title='bbox 739 882 931 938; x_wconf 80' lang='lat' dir='ltr'>negant</span> <span class='ocrx_word' id='word_1_61' title='bbox 954 890 1101 939; x_wconf 70' lang='lat' dir='ltr'>posse</span> <span class='ocrx_word' id='word_1_62' title='bbox 1136 889 1191 922; x_wconf 72' lang='lat' dir='ltr'>ae</span> <span class='ocrx_word' id='word_1_63' title='bbox 1225 871 1391 922; x_wconf 71' lang='lat' dir='ltr'>ulvo-</span> <span class='ocrx_word' id='word_1_64' title='bbox 1424 871 1590 924; x_wconf 57' lang='lat' dir='ltr'>eoeeJ&#39;</span> <span class='ocrx_word' id='word_1_65' title='bbox 1664 870 1716 924; x_wconf 88' lang='grc'><strong>0</strong></span> 
     </span>
     <span class='ocr_line' id='line_1_11' title="bbox 215 947 1718 1015; baseline 0.001 -16"><span class='ocrx_word' id='word_1_66' title='bbox 215 951 631 999; x_wconf 88' lang='lat' dir='ltr'>contumeliosum</span> <span class='ocrx_word' id='word_1_67' title='bbox 657 951 896 999; x_wconf 88' lang='lat' dir='ltr'>honorem</span> <span class='ocrx_word' id='word_1_68' title='bbox 922 954 997 1008; x_wconf 78' lang='lat' dir='ltr'>iia,</span> <span class='ocrx_word' id='word_1_69' title='bbox 1025 966 1151 1015; x_wconf 84' lang='lat' dir='ltr'>quos</span> <span class='ocrx_word' id='word_1_70' title='bbox 1174 948 1239 997; x_wconf 81' lang='lat' dir='ltr'>ad</span> <span class='ocrx_word' id='word_1_71' title='bbox 1265 947 1595 999; x_wconf 66' lang='lat' dir='ltr'>indicendum</span> <span class='ocrx_word' id='word_1_72' title='bbox 1617 962 1718 1000; x_wconf 73' lang='lat' dir='ltr'>nee</span> 
     </span>
     <span class='ocr_line' id='line_1_12' title="bbox 215 1023 1718 1091; baseline 0.002 -17"><span class='ocrx_word' id='word_1_73' title='bbox 215 1030 467 1091; x_wconf 82' lang='lat' dir='ltr'>opinantis</span> <span class='ocrx_word' id='word_1_74' title='bbox 491 1028 705 1075; x_wconf 81' lang='lat' dir='ltr'>voeatis!</span> <span class='ocrx_word' id='word_1_75' title='bbox 758 1027 857 1074; x_wconf 86' lang='lat' dir='ltr'>Hic</span> <span class='ocrx_word' id='word_1_76' title='bbox 881 1029 1018 1074; x_wconf 87' lang='lat' dir='ltr'>enim</span> <span class='ocrx_word' id='word_1_77' title='bbox 1043 1032 1124 1074; x_wconf 80' lang='lat' dir='ltr'>est</span> <span class='ocrx_word' id='word_1_78' title='bbox 1149 1025 1278 1090; x_wconf 66' lang='lat' dir='ltr'>legit</span> <span class='ocrx_word' id='word_1_79' title='bbox 1300 1023 1477 1085; x_wconf 72' lang='lat' dir='ltr'>ludex,</span> <span class='ocrx_word' id='word_1_80' title='bbox 1498 1029 1560 1077; x_wconf 72' lang='lat' dir='ltr'>nt</span> <span class='ocrx_word' id='word_1_81' title='bbox 1580 1025 1618 1076; x_wconf 73' lang='lat' dir='ltr'>fl</span> <span class='ocrx_word' id='word_1_82' title='bbox 1636 1039 1718 1076; x_wconf 63' lang='lat' dir='ltr'>m</span> 
     </span>
     <span class='ocr_line' id='line_1_13' title="bbox 216 1097 1718 1167; baseline 0.001 -18"><span class='ocrx_word' id='word_1_83' title='bbox 216 1104 269 1149; x_wconf 89' lang='lat' dir='ltr'>in</span> <span class='ocrx_word' id='word_1_84' title='bbox 305 1103 457 1149; x_wconf 81' lang='lat' dir='ltr'>tertia</span> <span class='ocrx_word' id='word_1_85' title='bbox 496 1100 701 1149; x_wconf 86' lang='lat' dir='ltr'>decuria</span> <span class='ocrx_word' id='word_1_86' title='bbox 740 1100 985 1160; x_wconf 90' lang='lat' dir='ltr'>iudicent,</span> <span class='ocrx_word' id='word_1_87' title='bbox 1021 1103 1108 1167; x_wconf 86' lang='lat' dir='ltr'>qui</span> <span class='ocrx_word' id='word_1_88' title='bbox 1149 1098 1312 1150; x_wconf 77' lang='lat' dir='ltr'>libere</span> <span class='ocrx_word' id='word_1_89' title='bbox 1350 1097 1578 1150; x_wconf 70' lang='lat' dir='ltr'>indicare</span> <span class='ocrx_word' id='word_1_90' title='bbox 1610 1115 1718 1151; x_wconf 75' lang='lat' dir='ltr'>non</span> 
     </span>
     <span class='ocr_line' id='line_1_14' title="bbox 217 1173 1718 1245; baseline 0.002 -21"><span class='ocrx_word' id='word_1_91' title='bbox 217 1175 452 1226; x_wconf 79' lang='lat' dir='ltr'>audeant.</span> <span class='ocrx_word' id='word_1_92' title='bbox 526 1175 586 1223; x_wconf 90' lang='lat' dir='ltr'>In</span> <span class='ocrx_word' id='word_1_93' title='bbox 621 1192 721 1241; x_wconf 91' lang='lat' dir='ltr'>quo</span> <span class='ocrx_word' id='word_1_94' title='bbox 743 1182 964 1240; x_wconf 85' lang='lat' dir='ltr'>quantus</span> <span class='ocrx_word' id='word_1_95' title='bbox 988 1191 1128 1224; x_wconf 78' lang='lat' dir='ltr'>error</span> <span class='ocrx_word' id='word_1_96' title='bbox 1162 1180 1261 1236; x_wconf 74' lang='lat' dir='ltr'>eet,</span> <span class='ocrx_word' id='word_1_97' title='bbox 1294 1173 1352 1225; x_wconf 78' lang='lat' dir='ltr'>di</span> <span class='ocrx_word' id='word_1_98' title='bbox 1384 1174 1718 1245; x_wconf 61' lang='lat' dir='ltr'>immunia,</span> 
     </span>
     <span class='ocr_line' id='line_1_15' title="bbox 219 1249 1718 1316; baseline 0.003 -17"><span class='ocrx_word' id='word_1_99' title='bbox 219 1267 407 1310; x_wconf 88' lang='lat' dir='ltr'>eorum,</span> <span class='ocrx_word' id='word_1_100' title='bbox 441 1254 526 1316; x_wconf 91' lang='lat' dir='ltr'>qui</span> <span class='ocrx_word' id='word_1_101' title='bbox 561 1254 708 1299; x_wconf 84' lang='lat' dir='ltr'>istam</span> <span class='ocrx_word' id='word_1_102' title='bbox 734 1250 901 1314; x_wconf 84' lang='lat' dir='ltr'>legem</span> <span class='ocrx_word' id='word_1_103' title='bbox 939 1251 1394 1314; x_wconf 76' lang='lat' dir='ltr'>excogitaverunt!</span> <span class='ocrx_word' id='word_1_104' title='bbox 1469 1249 1545 1304; x_wconf 71' lang='lat' dir='ltr'>Ut</span> <span class='ocrx_word' id='word_1_105' title='bbox 1575 1253 1718 1304; x_wconf 73' lang='lat' dir='ltr'>enlm</span> 
     </span>
     <span class='ocr_line' id='line_1_16' title="bbox 218 1323 1719 1391; baseline 0.003 -17"><span class='ocrx_word' id='word_1_106' title='bbox 218 1329 427 1391; x_wconf 89' lang='lat' dir='ltr'>quisque</span> <span class='ocrx_word' id='word_1_107' title='bbox 483 1325 852 1374; x_wconf 83' lang='lat' dir='ltr'>sordidissimus</span> <span class='ocrx_word' id='word_1_108' title='bbox 921 1325 1193 1387; x_wconf 78' lang='lat' dir='ltr'>videbitur,</span> <span class='ocrx_word' id='word_1_109' title='bbox 1251 1328 1324 1375; x_wconf 80' lang='lat' dir='ltr'>ita</span> <span class='ocrx_word' id='word_1_110' title='bbox 1378 1323 1719 1378; x_wconf 71' lang='lat' dir='ltr'>libenti-ime</span> 
     </span>
     <span class='ocr_line' id='line_1_17' title="bbox 218 1400 1721 1470; baseline 0.003 -21"><span class='ocrx_word' id='word_1_111' title='bbox 218 1405 488 1449; x_wconf 84' lang='lat' dir='ltr'>severitate</span> <span class='ocrx_word' id='word_1_112' title='bbox 508 1400 762 1449; x_wconf 90' lang='lat' dir='ltr'>iudicandi</span> <span class='ocrx_word' id='word_1_113' title='bbox 781 1400 955 1451; x_wconf 76' lang='lat' dir='ltr'>sordes</span> <span class='ocrx_word' id='word_1_114' title='bbox 978 1418 1093 1450; x_wconf 81' lang='lat' dir='ltr'>suas</span> <span class='ocrx_word' id='word_1_115' title='bbox 1111 1400 1254 1451; x_wconf 87' lang='lat' dir='ltr'>eluet</span> <span class='ocrx_word' id='word_1_116' title='bbox 1269 1400 1644 1470; x_wconf 72' lang='lat' dir='ltr'>laborabitque,</span> <span class='ocrx_word' id='word_1_117' title='bbox 1659 1408 1721 1455; x_wconf 78' lang='lat' dir='ltr'>nt</span> 
     </span>
     <span class='ocr_line' id='line_1_18' title="bbox 219 1474 1720 1544; baseline 0.005 -22"><span class='ocrx_word' id='word_1_118' title='bbox 219 1474 443 1523; x_wconf 84' lang='lat' dir='ltr'>honestis</span> <span class='ocrx_word' id='word_1_119' title='bbox 488 1474 702 1523; x_wconf 81' lang='lat' dir='ltr'>decuriis</span> <span class='ocrx_word' id='word_1_120' title='bbox 749 1478 916 1539; x_wconf 86' lang='lat' dir='ltr'>potius</span> <span class='ocrx_word' id='word_1_121' title='bbox 960 1475 1148 1540; x_wconf 82' lang='lat' dir='ltr'>dignus</span> <span class='ocrx_word' id='word_1_122' title='bbox 1185 1474 1421 1526; x_wconf 75' lang='lat' dir='ltr'>videatur</span> <span class='ocrx_word' id='word_1_123' title='bbox 1462 1491 1620 1544; x_wconf 72' lang='lat' dir='ltr'>quam</span> <span class='ocrx_word' id='word_1_124' title='bbox 1662 1480 1720 1528; x_wconf 75' lang='lat' dir='ltr'>ln</span> 
     </span>
     <span class='ocr_line' id='line_1_19' title="bbox 216 1553 842 1613; baseline 0.002 -16"><span class='ocrx_word' id='word_1_125' title='bbox 216 1556 418 1613; x_wconf 85' lang='lat' dir='ltr'>turpem</span> <span class='ocrx_word' id='word_1_126' title='bbox 441 1553 549 1598; x_wconf 85' lang='lat' dir='ltr'>iure</span> <span class='ocrx_word' id='word_1_127' title='bbox 571 1553 842 1598; x_wconf 84' lang='lat' dir='ltr'>coniectus.</span> 
     </span>
    </p>

    <p class='ocr_par' dir='ltr' id='par_1_4' title="bbox 218 1624 1721 2292">
     <span class='ocr_line' id='line_1_20' title="bbox 278 1624 1721 1690; baseline 0.006 -19"><span class='ocrx_word' id='word_1_128' title='bbox 278 1624 365 1672; x_wconf 90' lang='lat' dir='ltr'>lX.</span> <span class='ocrx_word' id='word_1_129' title='bbox 404 1625 582 1673; x_wconf 81' lang='lat' dir='ltr'>Altera</span> <span class='ocrx_word' id='word_1_130' title='bbox 627 1625 944 1690; x_wconf 84' lang='lat' dir='ltr'>promulgata</span> <span class='ocrx_word' id='word_1_131' title='bbox 988 1625 1071 1675; x_wconf 84' lang='lat' dir='ltr'>lex</span> <span class='ocrx_word' id='word_1_132' title='bbox 1119 1633 1218 1687; x_wconf 80' lang='lat' dir='ltr'>est,</span> <span class='ocrx_word' id='word_1_133' title='bbox 1262 1633 1323 1677; x_wconf 83' lang='lat' dir='ltr'>nt</span> <span class='ocrx_word' id='word_1_134' title='bbox 1368 1633 1426 1678; x_wconf 84' lang='lat' dir='ltr'>et</span> <span class='ocrx_word' id='word_1_135' title='bbox 1469 1626 1539 1679; x_wconf 80' lang='lat' dir='ltr'>de</span> <span class='ocrx_word' id='word_1_136' title='bbox 1574 1630 1625 1678; x_wconf 75' lang='lat' dir='ltr'>vi</span> <span class='ocrx_word' id='word_1_137' title='bbox 1661 1633 1721 1680; x_wconf 74' lang='lat' dir='ltr'>et</span> 
     </span>
     <span class='ocr_line' id='line_1_21' title="bbox 218 1700 1716 1768; baseline 0.007 -23"><span class='ocrx_word' id='word_1_138' title='bbox 218 1702 494 1748; x_wconf 88' lang='lat' dir='ltr'>maiestatis</span> <span class='ocrx_word' id='word_1_139' title='bbox 523 1700 747 1748; x_wconf 88' lang='lat' dir='ltr'>damnati</span> <span class='ocrx_word' id='word_1_140' title='bbox 779 1700 841 1748; x_wconf 91' lang='lat' dir='ltr'>ad</span> <span class='ocrx_word' id='word_1_141' title='bbox 876 1700 1118 1768; x_wconf 87' lang='lat' dir='ltr'>populum</span> <span class='ocrx_word' id='word_1_142' title='bbox 1152 1708 1447 1766; x_wconf 75' lang='lat' dir='ltr'>provocent,</span> <span class='ocrx_word' id='word_1_143' title='bbox 1470 1703 1514 1754; x_wconf 70' lang='lat' dir='ltr'>tl</span> <span class='ocrx_word' id='word_1_144' title='bbox 1537 1702 1716 1756; x_wconf 75' lang='lat' dir='ltr'>veiint.</span> 
     </span>
     <span class='ocr_line' id='line_1_22' title="bbox 225 1773 1719 1842; baseline 0.006 -22"><span class='ocrx_word' id='word_1_145' title='bbox 225 1773 366 1821; x_wconf 86' lang='lat' dir='ltr'>Haec</span> <span class='ocrx_word' id='word_1_146' title='bbox 412 1780 581 1822; x_wconf 84' lang='lat' dir='ltr'>utrum</span> <span class='ocrx_word' id='word_1_147' title='bbox 627 1774 835 1823; x_wconf 86' lang='lat' dir='ltr'>tandem</span> <span class='ocrx_word' id='word_1_148' title='bbox 883 1775 963 1823; x_wconf 83' lang='lat' dir='ltr'>lex</span> <span class='ocrx_word' id='word_1_149' title='bbox 1011 1782 1092 1825; x_wconf 88' lang='lat' dir='ltr'>est</span> <span class='ocrx_word' id='word_1_150' title='bbox 1143 1793 1209 1825; x_wconf 86' lang='lat' dir='ltr'>an</span> <span class='ocrx_word' id='word_1_151' title='bbox 1267 1775 1443 1842; x_wconf 77' lang='lat' dir='ltr'>legum</span> <span class='ocrx_word' id='word_1_152' title='bbox 1489 1780 1719 1829; x_wconf 80' lang='lat' dir='ltr'>omnium</span> 
     </span>
     <span class='ocr_line' id='line_1_23' title="bbox 219 1847 1719 1912; baseline 0.007 -17"><span class='ocrx_word' id='word_1_153' title='bbox 219 1847 515 1897; x_wconf 84' lang='lat' dir='ltr'>dissolutio?</span> <span class='ocrx_word' id='word_1_154' title='bbox 583 1847 709 1908; x_wconf 87' lang='lat' dir='ltr'>Quis</span> <span class='ocrx_word' id='word_1_155' title='bbox 733 1857 811 1898; x_wconf 92' lang='lat' dir='ltr'>est</span> <span class='ocrx_word' id='word_1_156' title='bbox 830 1854 965 1898; x_wconf 88' lang='lat' dir='ltr'>enim</span> <span class='ocrx_word' id='word_1_157' title='bbox 992 1850 1161 1912; x_wconf 90' lang='lat' dir='ltr'>hodie,</span> <span class='ocrx_word' id='word_1_158' title='bbox 1183 1855 1326 1901; x_wconf 73' lang='lat' dir='ltr'>cuiue</span> <span class='ocrx_word' id='word_1_159' title='bbox 1345 1855 1550 1904; x_wconf 60' lang='lat' dir='ltr'>intersit</span> <span class='ocrx_word' id='word_1_160' title='bbox 1568 1854 1719 1904; x_wconf 67' lang='lat' dir='ltr'>istam</span> 
     </span>
     <span class='ocr_line' id='line_1_24' title="bbox 221 1922 1719 1994; baseline 0.007 -25"><span class='ocrx_word' id='word_1_161' title='bbox 221 1922 387 1987; x_wconf 86' lang='lat' dir='ltr'>legem</span> <span class='ocrx_word' id='word_1_162' title='bbox 411 1926 652 1971; x_wconf 86' lang='lat' dir='ltr'>manere?</span> <span class='ocrx_word' id='word_1_163' title='bbox 723 1925 886 1973; x_wconf 89' lang='lat' dir='ltr'>Nemo</span> <span class='ocrx_word' id='word_1_164' title='bbox 911 1942 1026 1974; x_wconf 85' lang='lat' dir='ltr'>reus</span> <span class='ocrx_word' id='word_1_165' title='bbox 1061 1933 1140 1975; x_wconf 88' lang='lat' dir='ltr'>est</span> <span class='ocrx_word' id='word_1_166' title='bbox 1177 1926 1380 1992; x_wconf 74' lang='lat' dir='ltr'>legibus</span> <span class='ocrx_word' id='word_1_167' title='bbox 1404 1926 1526 1989; x_wconf 71' lang='lat' dir='ltr'>min,</span> <span class='ocrx_word' id='word_1_168' title='bbox 1546 1943 1719 1994; x_wconf 74' lang='lat' dir='ltr'>nemo,</span> 
     </span>
     <span class='ocr_line' id='line_1_25' title="bbox 219 1998 1719 2071; baseline 0.008 -27"><span class='ocrx_word' id='word_1_169' title='bbox 219 2014 371 2062; x_wconf 89' lang='lat' dir='ltr'>quem</span> <span class='ocrx_word' id='word_1_170' title='bbox 389 1998 614 2046; x_wconf 84' lang='lat' dir='ltr'>futurum</span> <span class='ocrx_word' id='word_1_171' title='bbox 633 2007 884 2063; x_wconf 84' lang='lat' dir='ltr'>putemus.</span> <span class='ocrx_word' id='word_1_172' title='bbox 928 2001 1096 2051; x_wconf 79' lang='lat' dir='ltr'>Armis</span> <span class='ocrx_word' id='word_1_173' title='bbox 1115 2005 1252 2051; x_wconf 90' lang='lat' dir='ltr'>enim</span> <span class='ocrx_word' id='word_1_174' title='bbox 1272 2009 1423 2069; x_wconf 70' lang='lat' dir='ltr'>gest·</span> <span class='ocrx_word' id='word_1_175' title='bbox 1438 2019 1719 2071; x_wconf 64' lang='lat' dir='ltr'>numquam</span> 
     </span>
     <span class='ocr_line' id='line_1_26' title="bbox 219 2071 1716 2145; baseline 0.007 -25"><span class='ocrx_word' id='word_1_176' title='bbox 219 2071 448 2136; x_wconf 87' lang='lat' dir='ltr'>profecto</span> <span class='ocrx_word' id='word_1_177' title='bbox 478 2077 531 2121; x_wconf 91' lang='lat' dir='ltr'>in</span> <span class='ocrx_word' id='word_1_178' title='bbox 562 2074 800 2123; x_wconf 91' lang='lat' dir='ltr'>iudicium</span> <span class='ocrx_word' id='word_1_179' title='bbox 836 2077 1161 2126; x_wconf 87' lang='lat' dir='ltr'>vocabuntur.</span> <span class='ocrx_word' id='word_1_180' title='bbox 1232 2078 1308 2128; x_wconf 77' lang='lat' dir='ltr'>At</span> <span class='ocrx_word' id='word_1_181' title='bbox 1338 2094 1423 2129; x_wconf 73' lang='lat' dir='ltr'>ree</span> <span class='ocrx_word' id='word_1_182' title='bbox 1443 2077 1716 2145; x_wconf 63' lang='lat' dir='ltr'>populerit</span> 
     </span>
     <span class='ocr_line' id='line_1_27' title="bbox 223 2148 1719 2221; baseline 0.005 -25"><span class='ocrx_word' id='word_1_183' title='bbox 223 2148 430 2196; x_wconf 86' lang='lat' dir='ltr'>Utinam</span> <span class='ocrx_word' id='word_1_184' title='bbox 487 2149 694 2213; x_wconf 88' lang='lat' dir='ltr'>quidem</span> <span class='ocrx_word' id='word_1_185' title='bbox 750 2150 941 2215; x_wconf 87' lang='lat' dir='ltr'>aliquid</span> <span class='ocrx_word' id='word_1_186' title='bbox 998 2152 1198 2202; x_wconf 80' lang='lat' dir='ltr'>velletis</span> <span class='ocrx_word' id='word_1_187' title='bbox 1255 2170 1368 2204; x_wconf 64' lang='lat' dir='ltr'>eene</span> <span class='ocrx_word' id='word_1_188' title='bbox 1442 2153 1719 2221; x_wconf 64' lang='lat' dir='ltr'>populare!</span> 
     </span>
     <span class='ocr_line' id='line_1_28' title="bbox 219 2221 1721 2292; baseline 0.008 -23"><span class='ocrx_word' id='word_1_189' title='bbox 219 2221 413 2270; x_wconf 85' lang='lat' dir='ltr'>Omnes</span> <span class='ocrx_word' id='word_1_190' title='bbox 436 2226 570 2270; x_wconf 87' lang='lat' dir='ltr'>enim</span> <span class='ocrx_word' id='word_1_191' title='bbox 595 2227 694 2272; x_wconf 85' lang='lat' dir='ltr'>iam</span> <span class='ocrx_word' id='word_1_192' title='bbox 717 2229 851 2274; x_wconf 85' lang='lat' dir='ltr'>cives</span> <span class='ocrx_word' id='word_1_193' title='bbox 871 2226 938 2275; x_wconf 89' lang='lat' dir='ltr'>de</span> <span class='ocrx_word' id='word_1_194' title='bbox 963 2231 1035 2275; x_wconf 87' lang='lat' dir='ltr'>rei</span> <span class='ocrx_word' id='word_1_195' title='bbox 1067 2228 1301 2292; x_wconf 86' lang='lat' dir='ltr'>publicae</span> <span class='ocrx_word' id='word_1_196' title='bbox 1332 2228 1499 2280; x_wconf 73' lang='lat' dir='ltr'>salute</span> <span class='ocrx_word' id='word_1_197' title='bbox 1530 2246 1634 2280; x_wconf 73' lang='lat' dir='ltr'>una</span> <span class='ocrx_word' id='word_1_198' title='bbox 1662 2229 1721 2281; x_wconf 61' lang='lat' dir='ltr'>et</span> 
     </span>
    </p>
   </div>
   <div class='ocr_carea' id='block_1_4' title="bbox 273 2365 1717 2425">
    <p class='ocr_par' dir='ltr' id='par_1_5' title="bbox 273 2365 1717 2425">
     <span class='ocr_line' id='line_1_29' title="bbox 273 2365 1717 2425; baseline 0.011 -21"><span class='ocrx_word' id='word_1_199' title='bbox 273 2365 293 2392; x_wconf 82' lang='lat'>²</span> <span class='ocrx_word' id='word_1_200' title='bbox 318 2365 361 2406; x_wconf 88' lang='lat' dir='ltr'>A</span> <span class='ocrx_word' id='word_1_201' title='bbox 386 2365 530 2419; x_wconf 85' lang='lat' dir='ltr'>legion</span> <span class='ocrx_word' id='word_1_202' title='bbox 559 2366 702 2408; x_wconf 80' lang='lat' dir='ltr'>raised</span> <span class='ocrx_word' id='word_1_203' title='bbox 730 2368 775 2409; x_wconf 87' lang='lat' dir='ltr'>in</span> <span class='ocrx_word' id='word_1_204' title='bbox 805 2369 1095 2425; x_wconf 78' lang='lat' dir='ltr'>Transalpine</span> <span class='ocrx_word' id='word_1_205' title='bbox 1114 2371 1230 2414; x_wconf 82' lang='lat' dir='ltr'>Gaul</span> <span class='ocrx_word' id='word_1_206' title='bbox 1346 2372 1393 2417; x_wconf 79' lang='lat' dir='ltr'>J.</span> <span class='ocrx_word' id='word_1_207' title='bbox 1425 2371 1591 2417; x_wconf 64' lang='lat' dir='ltr'>cnm</span> <span class='ocrx_word' id='word_1_208' title='bbox 1625 2371 1717 2419; x_wconf 64' lang='lat' dir='ltr'>nd</span> 
     </span>
    </p>
   </div>
   <div class='ocr_carea' id='block_1_5' title="bbox 219 2405 1719 2521">
    <p class='ocr_par' dir='ltr' id='par_1_6' title="bbox 219 2405 1719 2521">
     <span class='ocr_line' id='line_1_30' title="bbox 220 2405 1719 2486; baseline 0.008 -24"><span class='ocrx_word' id='word_1_209' title='bbox 220 2418 361 2462; x_wconf 81' lang='lat' dir='ltr'>called</span> <span class='ocrx_word' id='word_1_210' title='bbox 380 2419 440 2473; x_wconf 88' lang='lat' dir='ltr'>by</span> <span class='ocrx_word' id='word_1_211' title='bbox 461 2421 537 2461; x_wconf 84' lang='lat' dir='ltr'>the</span> <span class='ocrx_word' id='word_1_212' title='bbox 565 2421 748 2464; x_wconf 81' lang='lat' dir='ltr'>Gaulish</span> <span class='ocrx_word' id='word_1_213' title='bbox 778 2437 904 2466; x_wconf 89' lang='lat' dir='ltr'>name</span> <span class='ocrx_word' id='word_1_214' title='bbox 923 2426 969 2467; x_wconf 75' lang='lat' dir='ltr'>of</span> <span class='ocrx_word' id='word_1_215' title='bbox 999 2427 1178 2468; x_wconf 71' lang='lat' dir='ltr'>Alauda</span> <span class='ocrx_word' id='word_1_216' title='bbox 1205 2427 1291 2480; x_wconf 77' lang='lat' dir='ltr'>(lar</span> <span class='ocrx_word' id='word_1_217' title='bbox 1329 2433 1343 2479; x_wconf 92' lang='lat'><strong>)</strong></span> <span class='ocrx_word' id='word_1_218' title='bbox 1372 2428 1487 2471; x_wconf 70' lang='lat' dir='ltr'>from</span> <span class='ocrx_word' id='word_1_219' title='bbox 1509 2442 1542 2472; x_wconf 67' lang='grc' dir='ltr'>ι</span> <span class='ocrx_word' id='word_1_220' title='bbox 1563 2405 1719 2486; x_wconf 67' lang='lat' dir='ltr'>plum·</span> 
     </span>
     <span class='ocr_line' id='line_1_31' title="bbox 219 2474 1017 2521; baseline 0.006 -5"><span class='ocrx_word' id='word_1_221' title='bbox 219 2487 274 2516; x_wconf 86' lang='lat' dir='ltr'>on</span> <span class='ocrx_word' id='word_1_222' title='bbox 296 2474 374 2516; x_wconf 83' lang='lat' dir='ltr'>the</span> <span class='ocrx_word' id='word_1_223' title='bbox 394 2474 558 2517; x_wconf 83' lang='lat' dir='ltr'>helmet</span> <span class='ocrx_word' id='word_1_224' title='bbox 577 2476 668 2517; x_wconf 84' lang='lat' dir='ltr'>like</span> <span class='ocrx_word' id='word_1_225' title='bbox 686 2490 713 2517; x_wconf 91' lang='lat' dir='ltr'>a</span> <span class='ocrx_word' id='word_1_226' title='bbox 732 2477 867 2519; x_wconf 77' lang='lat' dir='ltr'>lark’a</span> <span class='ocrx_word' id='word_1_227' title='bbox 887 2484 1017 2521; x_wconf 79' lang='lat' dir='ltr'>orest.</span> 
     </span>
    </p>
   </div>
   <div class='ocr_carea' id='block_1_6' title="bbox 218 2527 1718 2640">
    <p class='ocr_par' dir='ltr' id='par_1_7' title="bbox 218 2527 1718 2640">
     <span class='ocr_line' id='line_1_32' title="bbox 272 2527 1718 2593; baseline 0.011 -25"><span class='ocrx_word' id='word_1_228' title='bbox 272 2528 292 2555; x_wconf 79' lang='lat'>⁸</span> <span class='ocrx_word' id='word_1_229' title='bbox 317 2527 412 2570; x_wconf 83' lang='lat' dir='ltr'>The</span> <span class='ocrx_word' id='word_1_230' title='bbox 430 2529 569 2584; x_wconf 78' lang='lat' dir='ltr'>Leges</span> <span class='ocrx_word' id='word_1_231' title='bbox 584 2529 615 2572; x_wconf 87' lang='lat' dir='ltr'><strong>J</strong></span> <span class='ocrx_word' id='word_1_232' title='bbox 619 2530 734 2572; x_wconf 84' lang='lat' dir='ltr'>uliae</span> <span class='ocrx_word' id='word_1_233' title='bbox 752 2532 799 2574; x_wconf 81' lang='lat' dir='ltr'>of</span> <span class='ocrx_word' id='word_1_234' title='bbox 816 2534 894 2575; x_wconf 87' lang='lat' dir='ltr'>the</span> <span class='ocrx_word' id='word_1_235' title='bbox 913 2534 1111 2577; x_wconf 81' lang='lat' dir='ltr'>dictator</span> <span class='ocrx_word' id='word_1_236' title='bbox 1129 2534 1293 2579; x_wconf 68' lang='lat' dir='ltr'>caesar</span> <span class='ocrx_word' id='word_1_237' title='bbox 1310 2538 1490 2593; x_wconf 67' lang='lat' dir='ltr'>again-t</span> <span class='ocrx_word' id='word_1_238' title='bbox 1515 2537 1609 2582; x_wconf 60' lang='lat' dir='ltr'>riost.</span> <span class='ocrx_word' id='word_1_239' title='bbox 1624 2537 1718 2584; x_wconf 69' lang='lat' dir='ltr'>end</span> 
     </span>
     <span class='ocr_line' id='line_1_33' title="bbox 218 2585 720 2640; baseline 0.004 -14"><span class='ocrx_word' id='word_1_240' title='bbox 218 2587 397 2626; x_wconf 69' lang='lat' dir='ltr'>treasou</span> <span class='ocrx_word' id='word_1_241' title='bbox 415 2585 720 2640; x_wconf 83' lang='lat' dir='ltr'>respectively.</span> 
     </span>
    </p>
   </div>
   <div class='ocr_carea' id='block_1_7' title="bbox 217 2677 283 2722">
    <p class='ocr_par' dir='ltr' id='par_1_8' title="bbox 217 2677 283 2722">
     <span class='ocr_line' id='line_1_34' title="bbox 217 2677 283 2722; baseline 0 -12"><span class='ocrx_word' id='word_1_242' title='bbox 217 2677 283 2722; x_wconf 80' lang='grc' dir='ltr'>4ο</span> 
     </span>
    </p>
   </div>
  </div>
 </body>
</html>
