1774 2898
441 203 721 254 MARCUS
767 199 1075 252 TULLIUS
1122 195 1377 247 CICERO

172 340 372 385 vexavit
431 334 748 393 Puteolanos,
803 332 939 399 quod
986 332 1043 382 C.
1090 330 1314 378 Cassium
1370 332 1429 377 et
1486 324 1672 375 Emu-

173 422 408 479 patronos
474 413 841 477 adoptassent?
937 410 1126 474 Magno
1204 405 1414 474 quidem
1481 401 1672 462 audio,

175 493 374 551 iudicio,
407 491 766 549 benivolentia,
799 492 1030 547 caritate,
1054 503 1156 535 non
1190 491 1250 535 ut
1270 489 1328 535 te
1358 489 1417 535 et
1449 478 1671 533 Basilum

177 575 224 618 vi
249 577 302 618 et
325 573 474 617 armis
498 577 552 619 et
576 569 698 617 alios
723 572 875 617 vestri
909 565 1115 625 similes,
1138 579 1266 631 quos
1294 561 1499 613 clienti·
1520 573 1677 614 nemo

174 648 362 696 habere
387 647 527 707 velit,
550 664 651 695 non
677 645 827 695 modo
850 645 1048 694 illorum
1072 643 1234 693 cliens
1255 658 1385 695 eene.

246 725 412 776 XLII.
453 725 657 774 Interea
679 724 802 772 dum
826 731 882 772 tu
907 723 1045 781 abes,
1070 724 1158 788 qui
1182 719 1294 771 die·
1317 717 1405 770 ille
1428 715 1677 784 conlegas

180 808 254 852 tui
282 803 395 863 fuit,
418 821 531 852 cum
557 803 700 862 illud,
723 802 858 868 quod
886 803 1113 850 venerari
1137 798 1355 859 solebat,
1384 797 1594 849 bustum
1618 798 1678 847 ‚h

181 882 289 930 foro
333 884 549 931 evertit!
618 881 734 941 Qua
768 897 823 929 re
875 881 969 929 tibi
1028 882 1283 938 nuntiata,
1317 882 1378 927 nt
1410 874 1682 927 eoum

180 964 315 1008 inter
336 977 439 1019 eos,
456 964 542 1025 qui
568 977 666 1008 una
686 959 909 1018 fuerunt,
933 957 1219 1008 coneidisti.
1289 953 1430 1017 Quid
1447 955 1684 1006 emerit

185 1044 377 1103 postea,
399 1042 599 1096 nescio;
634 1044 828 1086 metum
855 1036 1007 1085 credo
1032 1035 1246 1085 valuisse
1271 1039 1329 1085 et
1357 1047 1529 1094 arms}
1562 1044 1684 1084 m·

185 1115 350 1181 legam
375 1117 580 1182 quidem
605 1116 670 1165 de
695 1115 835 1165 caelo
858 1115 1123 1164 detraxisti
1157 1113 1475 1181 effecistique
1497 1127 1603 1163 non
1624 1114 1684 1164 tu

185 1194 390 1259 quidem
437 1198 590 1244 etiam
632 1212 788 1255 nunc,
834 1201 892 1244 ut
937 1193 1114 1242 similis
1162 1195 1251 1253 tui,
1298 1191 1390 1242 sed
1436 1196 1581 1243 certe
1627 1195 1688 1241 nt

187 1272 441 1321 dissimilis
464 1281 601 1322 esset
622 1277 717 1324 sui.

84 1357 161 1398 108
252 1350 354 1410 Qui
389 1368 507 1400 vero
541 1352 662 1400 inde
699 1351 893 1400 reditus
940 1351 1164 1410 Romam,
1199 1366 1331 1416 qnae
1367 1347 1711 1416 perturbatio.

188 1434 345 1478 totius
358 1431 495 1478 urbis
514 1432 524 1478 !
595 1430 987 1478 Memineramus
1006 1429 1218 1477 Cinnam
1235 1431 1387 1477 nimis
1400 1433 1686 1495 paetum,

193 1506 380 1555 Sullam
406 1514 582 1572 postea
604 1508 970 1566 dominantem,
995 1507 1148 1556 modo
1179 1507 1447 1557 Caesarem
1470 1520 1692 1574 regnan-

190 1592 297 1633 tem
317 1586 615 1638 videramus.
689 1586 848 1634 Erant
867 1587 1078 1635 fortasse
1102 1585 1278 1652 gladii,
1294 1583 1386 1636 sed
1403 1582 1691 1636 absconditi

193 1680 288 1711 nec
323 1668 395 1712 ita
429 1665 593 1715 multi.
667 1664 771 1713 Ista
806 1682 924 1713 vero
963 1682 1092 1731 quae
1141 1671 1197 1714 et
1235 1671 1431 1731 quanta
1461 1663 1694 1716 barbula

191 1742 300 1790 est!
391 1742 612 1807 Agmine
680 1743 926 1808 quadrato
994 1760 1109 1792 cum
1178 1742 1363 1808 gladiis
1430 1746 1690 1805 secuntur,

191 1827 447 1868 scutorum
466 1821 670 1870 lecticas
688 1825 876 1886 portari
893 1821 1136 1873 videmus.
1197 1823 1372 1888 Atque
1389 1819 1692 1889 binqnflem

191 1900 290 1945 iam
354 1902 667 1959 inveteratis,
729 1907 900 1963 patres
962 1904 1253 1966 conscripti,
1317 1898 1693 1951 conamine

192 1975 532 2025 obduruimus.
612 1977 856 2026 Kalendis
894 1978 1052 2026 Iuniis
1098 1995 1212 2028 cum
1249 1982 1303 2028 in
1338 1986 1590 2042 senatum,
1633 1984 1694 2028 nt

192 2061 301 2101 erat
335 2059 690 2115 constitutum,
735 2060 906 2104 venire
956 2057 1216 2118 vellemus,
1250 2064 1393 2108 metu
1430 2058 1691 2125 perterriti

190 2139 405 2196 repente
429 2133 735 2198 diffugimus,
806 2135 877 2182 At
902 2139 1015 2194 iste,
1040 2140 1125 2201 qui
1150 2143 1332 2186 senatu
1366 2153 1470 2186 non
1493 2141 1692 2205 egeret,

84 2216 160 2257 109
186 2227 356 2275 neque
403 2211 711 2261 desideravit
766 2230 1071 2279 quemquam
1130 2222 1185 2264 et
1241 2219 1411 2280 potius
1465 2213 1690 2267 dinem

190 2295 363 2337 nostro
397 2290 616 2339 laetatus
651 2297 731 2339 est
755 2296 1030 2357 statimque
1066 2293 1153 2341 illa
1188 2294 1436 2344 mirabilia
1468 2293 1693 2345 facinora

189 2366 372 2417 effecit.
444 2367 548 2428 Qui
580 2368 915 2434 chirographa
950 2370 1175 2420 Caesaris
1208 2372 1531 2423 defendisset
1561 2372 1691 2423 lueri

187 2449 264 2493 sui
287 2462 451 2505 causa,
474 2450 517 2495 is
538 2447 680 2511 leges
704 2447 943 2507 Caesaris,
969 2465 1155 2514 easque
1178 2451 1477 2515 praeclaras,
1499 2457 1562 2502 nt
1581 2449 1689 2502 rem

387 2595 404 2623 ¹
434 2597 676 2638 Dolabella.
955 2598 973 2625 ¹
999 2599 1067 2641 Cf.
1091 2613 1134 2642 n.
1159 2605 1209 2642 to
1230 2602 1344 2643 Phil.
1369 2603 1398 2645 i.
1424 2603 1464 2647 2.

191 2667 286 2713 170
