1774 2898
432 211 715 262 MARCUS
760 208 1070 259 TULLIUS
1113 204 1372 257 olet-no

159 346 496 394 mittebantur
516 342 581 390 ad
610 342 851 399 Poenum,
871 339 1214 389 mittebantur
1236 353 1331 403 pm
1355 334 1664 387 Humili-lb

162 426 389 475 hostibus
413 428 597 473 nostris
619 427 779 472 sociis.
829 421 968 482 Quid
993 420 1158 470 simile
1177 418 1424 471 tandem?
1468 416 1663 470 Νὴόᾶ

160 511 321 556 civem
351 509 616 565 mittimus,
641 521 708 554 ne
740 508 1099 569 imperatorem
1134 500 1308 568 populi
1344 498 1575 564 Romani,
1593 510 1665 551 ne

162 592 460 648 exercitum,
490 604 556 636 ne
588 586 836 635 coloniam
868 584 1259 646 circumsedeat,
1281 598 1350 635 ue
1378 581 1665 651 oppugnet,

161 687 226 720 ne
250 687 397 735 agros
419 669 777 734 depopuletur,
795 684 863 718 ne
885 671 954 717 ait
977 666 1171 717 hostis?

230 753 318 800 XI.
359 754 487 814 Age,
512 756 551 799 si
579 754 818 815 paruerit,
844 749 939 798 hoc
962 753 1073 798 cive
1097 752 1174 797 uti
1194 753 1288 798 aut
1318 747 1668 799 vdumufluut

161 835 458 902 possumus?
528 834 668 881 Ante
689 832 826 880 diem
854 831 983 880 xm
1017 830 1272 880 Kalendas
1298 829 1555 881 lanuarias
1573 828 1665 881 de-

162 920 313 966 cretis
351 920 527 964 vestris
562 932 678 963 eum
714 913 1025 973 concidistis,
1057 914 1411 973 constitui-uu,
1443 917 1507 964 ut
1537 909 1667 970 hoec

161 998 226 1048 ad
263 1014 348 1046 vos
388 996 630 1045 Kalendis
669 996 911 1044 Ianuariis
951 995 1287 1056 reserrentur,
1319 1010 1453 1062 quae
1486 992 1665 1047 referri

159 1080 360 1138 videtis,
384 1079 450 1127 de
476 1079 748 1127 honoribus
773 1086 827 1127 et
852 1081 1089 1142 praemiis
1121 1078 1255 1127 bene
1277 1075 1347 1127 de
1377 1092 1435 1127 re
1462 1075 1668 1143 publiea

165 1150 456 1210 meritorum
493 1167 549 1208 et
583 1149 923 1215 merentium3
964 1175 1179 1224 quorum
1216 1162 1501 1224 principem
1533 1158 1667 1210 iadi-

163 1247 313 1292 castis
358 1259 494 1302 eum,
529 1245 613 1307 qui
653 1242 765 1300 fuit,
802 1242 854 1289 C.
904 1242 1190 1301 Caesarem,
1234 1244 1324 1308 qui
1362 1240 1432 1290 Μ.
1471 1240 1666 1293 Antoni

166 1331 386 1390 impetus
422 1324 641 1372 nefarios
675 1324 740 1371 ab
777 1324 900 1372 urbe
938 1327 987 1371 in
1026 1322 1248 1372 Galliam
1286 1325 1508 1382 avertitz
1555 1329 1666 1386 tum

165 1407 351 1455 milites
389 1413 673 1465 veteranos,
706 1411 791 1471 qui
831 1409 976 1470 primi
1026 1405 1294 1456 Caesarem
1328 1406 1497 1456 secuti
1527 1412 1668 1466 sunt,

163 1496 318 1553 atque
342 1488 453 1535 illas
477 1488 725 1536 caelestes
749 1488 1049 1552 divinasque
1077 1488 1324 1551 legiones,
1351 1487 1588 1539 Mottiana
1610 1494 1670 1540 οἱ

164 1577 412 1635 quartam,
444 1570 826 1633 comprobastis,
855 1571 1056 1635 quibus,
1079 1586 1196 1618 cum
1219 1569 1485 1620 consulem
1517 1585 1668 1620 mum

165 1668 266 1700 non
305 1651 456 1699 modo
497 1651 838 1716 reliquissent,
877 1652 967 1700 sed
1017 1650 1155 1700 bello
1194 1654 1353 1700 etiam
1392 1666 1668 1720 peneque·

166 1740 357 1791 rentur,
383 1732 598 1781 honores
630 1741 685 1781 et
717 1737 941 1798 praemia
964 1732 1344 1799 spopondistis;
1378 1731 1668 1804 eodemque

165 1814 250 1863 die
299 1814 360 1862 D.
413 1814 573 1874 Bruti,
620 1819 1039 1880 praestantissimi
1092 1819 1231 1875 civis,
1277 1813 1453 1868 edicto
1494 1814 1670 1868 adlato

164 1904 319 1961 atque
356 1901 611 1960 proposito
645 1896 836 1945 factum
885 1901 996 1946 eius
1030 1897 1395 1959 conlaudastis,
1426 1898 1669 1966 quodque

166 1977 253 2026 ille
323 1978 511 2026 bellum
571 1982 767 2042 privato
833 1979 1045 2027 consilio
1100 1986 1415 2045 susceperat,
1469 1979 1523 2031 id
1580 1996 1671 2032 voa

165 2063 469 2107 auctoritate
518 2060 720 2123 publica
759 2061 1138 2125 comprobastis.
1210 2060 1351 2122 Quid
1386 2063 1547 2128 igitur
1578 2062 1671 2114 illo

164 2138 249 2190 die
263 2139 399 2189 aliud
421 2144 613 2203 egistiS,
631 2146 726 2190 nisi
744 2149 802 2190 ut
816 2141 1017 2191 hostem
1034 2142 1330 2193 iudicaretis
1343 2142 1628 2195 Antonium
1645 2146 1671 2197 Ρ

77 2229 134 2271 29
169 2222 268 2271 His
284 2226 463 2270 vestris
478 2222 699 2271 decretis
713 2230 803 2272 aut
822 2223 910 2272 ille
930 2241 1016 2273 vos
1034 2241 1199 2291 aequo
1214 2229 1388 2276 animo
1402 2224 1670 2293 adspicere

166 2307 375 2368 poterit,
408 2311 498 2352 aut
521 2321 607 2352 vos
640 2304 784 2352 illum
809 2309 919 2354 sine
942 2305 1118 2356 dolore
1152 2323 1353 2357 summo
1385 2307 1671 2361 videmus?

166 2384 397 2434 Exclusit
421 2384 562 2432 illum
586 2403 617 2432 a
642 2402 695 2434 re
725 2387 945 2450 publica,
967 2387 1224 2448 distraxit,
1247 2393 1544 2455 segregavit
1563 2406 1668 2441 nou

415 2534 434 2561 ¹
462 2534 608 2575 When
631 2536 709 2576 the
730 2536 850 2577 third
874 2537 1094 2592 philippic
1115 2551 1205 2581 'aa
1224 2538 1408 2594 tpokefl.

341 2611 346 2616 ·
417 2588 438 2616 ¹
463 2590 528 2630 As
547 2595 616 2631 set
637 2596 718 2632 out
736 2592 782 2632 in
802 2593 916 2633 Plau.
940 2592 1001 2634 iii.
1027 2594 1092 2635 15.

169 2670 266 2726 ²84
