1826 2892
441 218 721 270 MARCUS
766 209 1072 264 TULLIUS
1117 203 1374 257 CICERO

173 357 296 406 urbe
330 353 584 402 infinitum
608 347 795 397 malum
829 344 982 410 idque
1013 345 1247 390 manaret
1280 339 1335 387 in
1368 333 1483 386 die·
1507 329 1665 384 Q

172 431 409 494 idemque
455 428 658 474 bustum
696 426 748 470 in
789 419 897 467 foro
938 417 1183 475 facerent,
1219 414 1307 479 qui
1353 407 1495 460 illan
1528 408 1665 459 inno-

177 504 370 570 pultam
428 499 740 565 sepulturam
798 493 1088 551 effecerant,
1146 495 1202 539 et
1257 485 1447 536 cotidie
1501 482 1669 550 math

179 581 438 642 magisque
475 573 663 640 perditi
692 571 921 619 homines
952 582 1066 615 cum
1109 566 1184 614 sui
1225 561 1474 612 similibus
1508 557 1669 609 nervi·

180 656 329 702 tectis
351 668 410 699 ac
432 648 638 713 templis
661 646 797 694 urbis
821 646 1195 698 minitarentur,
1213 637 1330 687 talis
1351 631 1669 685 animadver-

183 732 256 777 sio
300 726 399 774 fuit
447 721 742 771 Dolabellae
774 735 897 786 'cum
946 721 997 765 in
1044 714 1248 764 audacis
1294 710 1671 775 sceleratoque

184 818 365 860 servos,
387 806 499 848 tum
535 802 587 846 in
622 801 844 859 impuros
878 799 934 842 et
969 789 1187 839 nefarios
1221 787 1423 845 liberos,
1451 783 1672 850 taliaque

186 878 376 925 eversio
420 873 555 921 illius
596 876 859 920 execratae
900 866 1182 921 columnae,
1221 870 1277 912 ut
1323 859 1450 911 mihi
1486 862 1672 909 mirum

187 950 415 998 videatur
436 954 542 996 tam
567 944 713 994 valde
738 943 987 1007 reliquum
1010 947 1216 1004 tempus
1238 937 1305 986 ab
1328 935 1417 985 mo
1452 950 1556 985 uno
1587 932 1673 983 dle

189 1025 497 1074 dissensisse.

141 1109 166 1148 6
258 1100 390 1147 Ecce
425 1100 561 1146 enim
596 1092 837 1143 Kalendis
876 1092 1048 1150 Iuniis,
1071 1090 1255 1155 quibus
1291 1093 1350 1137 ut
1382 1084 1676 1136 adeamus

189 1174 468 1232 edixerant,
485 1177 679 1219 mutata
696 1171 892 1225 omnia;
917 1165 1041 1214 nihil
1066 1181 1157 1230 per
1171 1169 1424 1224 senatum,
1437 1158 1600 1211 multa
1620 1164 1678 1211 et

194 1265 373 1313 magna
418 1263 509 1311 per
554 1244 796 1310 populum
838 1249 892 1291 et
928 1242 1140 1290 absente
1183 1237 1372 1304 populo
1407 1242 1465 1287 et
1498 1237 1675 1287 invito.

193 1321 433 1372 Consules
456 1320 707 1383 designati
746 1317 1004 1381 negabant
1037 1332 1092 1363 se
1127 1313 1318 1363 audere
1353 1315 1407 1362 in
1441 1317 1679 1363 uenatum

194 1400 397 1453 venire;
449 1399 639 1459 patriae
675 1393 971 1441 liberatores
1007 1391 1131 1438 urbe
1167 1389 1413 1438 carebant
1435 1403 1511 1447 ea,
1536 1388 1681 1437 cuin·

195 1489 224 1518 a
247 1471 523 1519 cervicibus
554 1473 727 1531 iugum
762 1466 942 1515 servile
977 1465 1308 1521 deiecerant;
1342 1478 1472 1529 quoa
1504 1468 1681 1512 tamen

196 1549 292 1610 ipsi
336 1544 565 1592 consules
602 1547 654 1590 in
693 1542 1013 1590 contionibus
1058 1547 1114 1589 et
1160 1543 1212 1588 in
1258 1541 1400 1588 omni
1445 1552 1682 1588 flamme

191 1619 477 1668 laudabant.
552 1618 788 1666 Veterani
826 1619 913 1681 qui
947 1614 1354 1680 appellabantur,
1381 1612 1568 1680 quibua
1599 1610 1684 1661 hie

198 1694 320 1743 ordo
343 1693 730 1757 diligentissime
766 1698 982 1749 caverat,
1007 1707 1108 1738 non
1144 1689 1208 1738 ad
1244 1691 1684 1739 conservationem

200 1785 372 1817 earum
396 1783 579 1826 rerum,
603 1782 725 1830 quas
750 1765 1022 1823 habebant,
1047 1764 1137 1814 sed
1172 1764 1236 1813 ad
1272 1779 1418 1830 spem
1440 1777 1685 1813 novarum

200 1843 496 1907 praedarum
521 1842 873 1889 incitabantur.
946 1839 1090 1900 Quae
1128 1856 1243 1888 cum
1278 1837 1456 1888 audire
1478 1835 1687 1888 mallem

201 1934 351 1983 quam
375 1917 546 1964 videre
583 1916 922 1981 haberemque
957 1919 1033 1963 ius
1065 1915 1336 1979 legationis
1367 1912 1604 1975 liberum,
1626 1928 1690 1963 ea

200 1998 376 2040 mente
401 1991 622 2049 discessi,
647 1997 705 2038 ut
738 1990 966 2038 adessem
996 1989 1239 2038 Kalendis
1265 1988 1530 2050 Ianuariis,
1551 1986 1690 2056 quod

202 2070 403 2115 initium
428 2072 633 2114 senatus
658 2065 872 2130 cogendi
897 2066 1004 2113 fore
1031 2065 1311 2114 videbatur.

157 2148 182 2191 ’1
276 2141 374 2192 111.
411 2141 649 2203 Exposui,
684 2147 852 2203 patres
886 2143 1176 2204 conscripti,
1206 2139 1537 2204 profectionis
1571 2155 1692 2190 oon·

201 2215 397 2272 silium3
455 2231 590 2262 nunc
635 2218 949 2273 reversionis,
994 2231 1123 2279 quae
1173 2215 1288 2280 plus
1345 2214 1695 2265 admirationis

260 2337 278 2363 ¹
304 2338 378 2378 An
391 2336 509 2378 altar
522 2336 721 2390 fronting
734 2350 760 2377 a
775 2337 948 2378 column
968 2341 1140 2392 twenty
1156 2337 1247 2380 feet
1262 2338 1370 2394 high
1381 2338 1429 2381 ol
1447 2336 1696 2382 Numidiam

207 2391 389 2456 marble,
413 2391 528 2455 built
545 2404 602 2454 on
621 2391 700 2454 the
718 2393 803 2432 site
822 2393 869 2432 of
882 2391 1031 2433 Julius
1049 2391 1247 2435 Caesar'a
1266 2406 1376 2457 pyro
1395 2392 1455 2448 by
1475 2392 1555 2436 the
1573 2391 1691 2444 nob,

206 2447 317 2489 with
346 2446 426 2488 the
452 2458 586 2487 macri
618 2450 728 2494 tlon,
758 2448 786 2468 ‘⁸
799 2446 863 2487 To
892 2447 967 2487 the
993 2446 1141 2488 father
1166 2448 1214 2488 oi
1241 2447 1311 2489 hia
1337 2447 1567 2503 country”
1583 2464 1597 2491 ε
1633 2447 1691 2491 oi.

206 2501 328 2546 Suet.
351 2501 444 2543 Jul.
468 2501 548 2548 853
620 2501 662 2540 io
680 2501 745 2541 44.
771 2502 850 2542 512
882 2500 970 2542 and
990 2501 1102 2543 Intr.
1127 2506 1176 2543 to
1197 2502 1287 2544 this
1436 2502 1480 2545 h.

260 2555 279 2581 ⁸
304 2554 527 2608 Probably
545 2567 604 2595 an
620 2554 808 2595 allusion
838 2559 886 2596 to
914 2556 991 2596 tho
1016 2556 1233 2610 illegality
1254 2516 1515 2600 orm·
1531 2570 1697 2600 crum-

206 2610 303 2652 tion
321 2608 480 2651 within
498 2609 576 2650 the
594 2609 733 2658 walls,
755 2609 842 2650 and
862 2616 909 2650 to
928 2611 1006 2651 the
1025 2612 1133 2652 riota
1152 2610 1387 2667 attending
1406 2611 1459 2654 it.

210 2682 274 2727 24
