1826 2892
509 196 788 246 MARCUS
834 193 1140 245 TULLIUS
1186 191 1442 243 CICERO

232 331 513 392 impiorum,
540 327 847 390 principibus
877 324 1082 374 sceleris
1113 339 1280 389 poena
1309 321 1532 374 adfecti·
1565 322 1731 391 bulbo

230 406 467 454 incendio
481 412 536 454 et
552 405 719 453 caedis
736 411 878 453 metu
896 400 1131 470 liberata]
1151 409 1204 452 te
1222 402 1431 452 domum
1451 401 1730 469 moepffl?

234 483 384 531 Cuius
407 483 612 543 ordinis,
634 486 776 531 cuius
806 486 1026 546 generis,
1058 485 1199 530 cuius
1231 479 1460 548 denique
1489 478 1731 532 somme

233 562 399 610 studia
429 569 539 610 tum
571 561 705 610 laudi
739 567 794 610 et
828 560 1155 625 gratulationi
1191 566 1312 609 tuae
1346 574 1405 611 σο
1438 574 1546 611 non
1579 564 1731 627 optu-

233 640 436 689 lerunt?
472 640 610 700 Quin
635 641 757 688 mihi
782 644 954 698 etiam,
978 656 1079 704 quo
1101 645 1308 689 auctore
1333 645 1389 689 te
1406 642 1462 689 ln
1478 636 1560 690 hh
1576 638 1732 692 rehu·

234 722 308 767 uti
330 720 716 778 arbitrabantur,
742 726 796 767 et
818 722 1007 783 gratias
1033 719 1150 767 boni
1177 720 1267 767 viti
1290 718 1518 784 agebunt
1547 723 1606 769 et
1638 725 1732 771 hm

233 801 434 846 nomine
448 797 844 862 gratulabantur.
903 796 1208 856 Recordare,
1223 813 1429 863 quaeso,
1446 795 1734 861 Dolnbellq

233 892 531 924 consensum
565 876 708 924 illum
742 876 949 933 theatri,
984 893 1099 925 cum
1135 883 1328 926 omneo'
1348 892 1527 927 eurum
1560 892 1731 928 rerum

233 954 392 1013 obliti,
424 962 630 1019 propter
659 972 782 1020 quas
805 953 1008 1003 fuerant
1032 956 1126 1003 tibi
1157 955 1355 1014 offensi,
1384 954 1736 1022 significarent

234 1049 288 1081 se
311 1033 556 1083 beneficio
584 1050 714 1081 novo
738 1038 1029 1082 memoriam
1054 1038 1242 1083 veteris
1264 1033 1455 1086 dolori·
1469 1034 1731 1087 obiecit-e.

154 1118 206 1159 31
244 1111 391 1158 Hanc
427 1118 500 1170 tu,
536 1111 586 1162 P.
624 1111 903 1170 Dolabella,
937 1116 1143 1176 (magno
1175 1112 1355 1180 loquor
1383 1129 1501 1164 eum
1534 1111 1735 1180 dolore)

236 1188 366 1237 hanc
388 1197 464 1249 tu,
490 1193 706 1255 inquam,
734 1195 941 1256 potuisti
967 1207 1130 1257 aequo
1152 1196 1324 1243 animo
1348 1199 1546 1243 tanum
1563 1191 1733 1261 digni-

236 1274 395 1316 tatem
420 1269 710 1333 deponere?

304 1346 450 1396 XIII.
486 1347 561 1395 Tu
618 1354 808 1408 autem,
865 1350 932 1397 M.
992 1350 1201 1410 Antoni,
1259 1351 1549 1416 (abentem
1594 1354 1734 1403 euim

236 1426 453 1490 appello)
498 1443 652 1474 unum
697 1427 840 1475 illum
888 1428 1043 1488 diem,
1088 1446 1190 1495 quo
1237 1434 1290 1479 in
1336 1429 1468 1481 aede
1513 1429 1736 1481 Telluri·

236 1509 440 1551 senatus
476 1503 589 1562 fuit,
624 1521 726 1552 non
761 1507 994 1555 omnibus
1030 1507 1108 1556 his
1143 1508 1421 1569 mensibus,
1456 1508 1644 1576 quibu·
1676 1515 1734 1561 te

238 1580 440 1644 quidam
463 1581 681 1631 multum
711 1600 742 1631 a
771 1600 854 1632 me
885 1585 1253 1636 dissentientes
1286 1587 1498 1638 beatum
1528 1593 1737 1655 putant,

236 1662 541 1722 anteponis?
577 1659 721 1720 Quae
759 1662 857 1711 fuit
890 1668 1049 1712 oratio
1083 1665 1150 1715 de
1186 1665 1488 1716 concordia!
1537 1673 1736 1735 quanto

234 1743 375 1784 metu
409 1745 627 1798 senatus,
661 1748 851 1805 quanta
880 1742 1223 1794 sollicitudine
1257 1748 1436 1796 civim
1466 1751 1582 1797 tum
1614 1762 1648 1796 t
1675 1753 1734 1798 te

235 1814 447 1863 liberata
470 1824 565 1875 est,
596 1834 710 1866 cum
742 1819 988 1885 collegam
1013 1829 1158 1872 tuum
1183 1823 1431 1890 depositis
1453 1827 1735 1877 inimicitiis

237 1893 422 1942 oblitus
444 1899 775 1959 auspiciorum
799 1916 829 1946 a
860 1906 914 1948 te
947 1904 1055 1965 ipso
1086 1919 1277 1967 augure
1310 1903 1487 1969 populi
1521 1903 1733 1955 Romani

236 1976 582 2022 nuntiatorum
628 1975 716 2023 illo
760 1980 977 2040 primum
1024 1981 1110 2030 die
1155 1981 1424 2047 conlegam
1470 1982 1567 2032 tibi
1621 1998 1734 2034 esne

234 2049 451 2109 voluisti,
476 2059 593 2100 tuus
618 2070 797 2117 parvus
822 2056 951 2105 filius
975 2062 1025 2106 in
1061 2060 1367 2125 Capitolium
1398 2077 1431 2111 ι
1461 2066 1518 2112 te
1548 2065 1732 2113 miuus

145 2133 199 2174 32
230 2132 366 2192 pacis
381 2130 526 2178 obses
542 2130 664 2179 fuit!
716 2133 831 2192 Quo
850 2144 1054 2186 senatus
1078 2138 1162 2188 die
1182 2139 1379 2201 laetior,
1396 2156 1499 2207 quo
1513 2139 1734 2207 populu·

234 2205 522 2257 Romanus?
571 2214 655 2273 qui
691 2212 898 2276 quidem
935 2216 1074 2264 nulla
1115 2221 1167 2266 in
1209 2222 1450 2271 contione
1490 2236 1733 2288 umquam

230 2283 545 2349 frequentior
589 2287 699 2337 fuit.
771 2291 901 2340 Tum
948 2294 1171 2361 denique
1218 2297 1422 2347 liberati
1464 2315 1561 2364 per
1600 2303 1734 2352 viro·

227 2370 1732 2398 Ἃ

286 2406 301 2431 ¹
331 2405 398 2448 On
418 2406 574 2448 March
598 2411 659 2452 17.

284 2459 302 2486 ²
329 2460 398 2514 By
417 2462 577 2511 which,
599 2477 648 2504 as
666 2477 822 2519 augur,
852 2468 907 2510 he
932 2469 1136 2514 declax-ed
1165 2473 1435 2518 Dolabella'a
1459 2475 1651 2520 electiva
1678 2482 1729 2521 to

230 2515 307 2556 the
327 2515 580 2571 consulship
599 2518 792 2563 invalid:
824 2524 937 2567 Phil.
960 2526 1005 2567 ii.
1030 2528 1097 2568 32.

283 2568 303 2594 ⁸
330 2569 459 2611 With
478 2570 675 2615 Caesar's
691 2578 931 2628 assassins3
958 2580 1015 2621 ef.
1040 2580 1152 2623 Intr.
1177 2596 1220 2637 p.
1245 2585 1284 2626 8.

228 2643 292 2696 50
