1826 2892
487 185 769 237 MARCUS
815 178 1121 233 TULLIUS
1167 174 1424 228 menno

219 325 323 371 otii.
394 318 592 368 Vellem
613 316 818 365 adesset
856 314 925 362 Μ.
954 312 1226 369 Antonius,
1250 304 1405 356 modo
1423 306 1540 356 dne
1557 300 1713 355 dvo·

219 417 357 463 catis.
429 410 546 470 Sed,
586 416 643 458 ut
676 411 868 473 opinor,
900 405 1024 453 licet
1058 406 1105 452 ei
1142 403 1310 451 minus
1345 396 1535 459 valere,
1574 393 1716 465 quod

221 505 344 554 mihi
390 503 499 552 heri
536 518 628 567 per
669 500 811 549 illum
849 515 951 547 non
993 497 1150 545 licuit.
1243 492 1471 543 Duceret
1506 503 1592 543 me
1632 486 1715 541 vel

222 601 389 663 potius
423 612 524 655 voS,
559 601 728 659 patres
762 593 1049 655 conscripti,
1072 604 1228 654 quem
1260 585 1328 636 ad
1362 582 1574 635 modu-
1605 585 1718 651 ipo

224 691 445 739 Caesaris
474 694 587 736 acta
618 684 936 735 defenderet.
1011 682 1093 731 An
1118 684 1172 730 in
1196 673 1630 729 commentarioli!
1659 680 1720 727 et

224 780 566 846 chirographis
601 785 657 828 et
693 777 876 826 libellis
914 792 967 825 se
1006 791 1110 824 uno
1144 779 1355 823 auctore
1393 768 1621 838 prolatio.
1657 784 1720 820 ιο

222 891 290 923 ne
334 873 541 938 prolatis
572 870 794 936 quidem,
829 868 919 918 sed
954 874 1156 917 tantum
1192 864 1346 915 modo
1388 862 1561 926 dicun,
1604 867 1723 915 oet·

225 967 444 1015 Caesaris
469 965 607 1013 firma
630 970 810 1019 erunt;
846 978 975 1027 quae
1009 960 1095 1009 ille
1121 963 1174 1008 in
1196 974 1284 1009 aes
1307 954 1507 1019 incidit,
1530 959 1586 1006 ln
1616 971 1720 1024 quo

225 1059 396 1125 populi
413 1062 543 1106 iussa
560 1063 930 1122 perpetuasque
952 1053 1093 1119 leges
1116 1068 1230 1103 esse
1249 1050 1429 1111 voluit,
1452 1047 1724 1118 promulo

149 1161 195 1203 17
227 1151 583 1200 habebuntur?
654 1148 903 1214 Equidem
939 1150 1176 1196 existimo
1212 1143 1339 1194 nihil
1377 1150 1484 1195 tam
1520 1158 1635 1194 ene
1667 1145 1722 1193 ln

150 2172 199 2212 18

225 1248 349 1293 actis
373 1244 594 1292 Caesaris
627 1258 778 1307 quam
802 1240 944 1306 leges
968 1239 1211 1289 Caesaris.
1284 1238 1387 1298 An,
1416 1239 1460 1287 oi
1492 1238 1576 1287 eni
1597 1234 1720 1305 qnid

229 1336 315 1385 ille
348 1338 591 1400 promisit,
625 1334 676 1382 id
712 1338 811 1383 erit
860 1333 1031 1392 fixum,
1065 1330 1204 1398 quod
1239 1330 1378 1380 idem
1414 1328 1585 1380 facem
1618 1344 1724 1380 non

227 1430 427 1494 potuit?
473 1434 533 1475 ut
572 1426 744 1474 multis
779 1425 939 1474 multa
982 1428 1226 1490 promissa
1267 1439 1371 1472 non
1409 1420 1554 1484 feeit,
1591 1436 1726 1490 qnae

227 1527 399 1569 tamen
422 1519 583 1567 multo
606 1518 749 1583 plura
780 1517 867 1565 illo
900 1525 1101 1566 mortuo
1138 1522 1341 1582 reperta
1364 1520 1488 1566 sunt
1509 1529 1663 1583 qum
1691 1530 1725 1565 ι

228 1616 340 1660 vivo
361 1610 605 1659 beneficia
627 1627 718 1674 per
740 1614 902 1657 omnis
925 1625 1083 1658 annos
1107 1610 1301 1658 tributa
1323 1614 1380 1657 et
1402 1607 1542 1660 dnh.

295 1703 396 1753 Sed
421 1720 481 1751 ea
504 1719 604 1750 non
624 1709 781 1761 muto,
807 1718 908 1750 non
932 1718 1111 1751 moveo
1131 1718 1145 1759 ;
1179 1716 1378 1750 summo
1394 1699 1568 1751 studio
1588 1698 1726 1751 mim

229 1795 482 1861 praeclara
515 1802 628 1843 acta
665 1794 904 1843 defend0.
981 1795 1200 1843 Pecunia
1249 1798 1448 1844 utinam
1488 1791 1556 1844 ad
1597 1790 1727 1861 Opi·

229 1889 487 1936 maneret!
523 1894 734 1935 cruenta
769 1887 854 1934 illa
889 1887 1116 1952 quidem,
1148 1886 1240 1936 sed
1277 1886 1357 1936 his
1390 1886 1727 1953 temporibus,

230 1983 464 2046 quoniam
500 1983 578 2040 iis,
613 1996 824 2045 quorum
861 1987 956 2039 est,
991 1996 1094 2028 non
1130 1978 1380 2041 redditur,
1425 1981 1725 2029 necessust.

231 2072 549 2137 Quamquam
588 2088 648 2120 ea
679 2088 879 2137 quoque
904 2075 970 2120 sit
994 2072 1167 2133 effusa,
1201 2076 1243 2122 si
1278 2075 1350 2122 ita
1372 2074 1579 2123 macti·
1612 2070 1727 2125 fnit.

233 2164 429 2229 Ecquid
453 2170 548 2223 est,
571 2164 707 2229 quod
729 2171 835 2212 tam
859 2169 1058 2229 proprie
1083 2165 1183 2213 dici
1220 2168 1380 2230 possit
1401 2170 1576 2215 mum
1599 2168 1728 2226 elno,

231 2260 319 2322 qui
340 2262 546 2320 togatus
575 2259 629 2304 in
660 2272 714 2304 re
747 2257 949 2320 publica
980 2274 1094 2305 cum
1120 2264 1379 2322 potestate
1411 2259 1731 2326 imperioque

231 2355 459 2398 versatus
481 2352 564 2407 sit,
581 2365 731 2413 quam
754 2348 870 2397 lex?
944 2349 1146 2408 Quaere
1169 2357 1285 2399 acta
1303 2348 1554 2408 Gracchi,
1587 2349 1732 2417 lege·

232 2440 561 2504 Semproniae
596 2440 953 2504 proferentur;
988 2458 1176 2506 quaere
1208 2442 1411 2500 Sullae;
1448 2441 1728 2493 Corneliae.

232 2532 408 2593 Quid?
481 2532 687 2597 Pompei
729 2537 911 2581 tertius
958 2534 1250 2583 consulatus
1287 2539 1339 2582 in
1381 2534 1566 2601 quibus
1603 2537 1732 2587 actis

233 2624 298 2686 36
