1826 2892
136 927 155 967 1

184 658 253 707 M.
302 657 510 707 TULLI
559 653 926 705 CICERONIS
976 653 1050 703 IN
1102 652 1171 702 M.
1219 647 1610 702 ANTONIO!

401 747 664 796 ORATIO
718 742 1120 793 PHILIPPICA
1174 739 1396 791 PRIMA

271 918 308 966 1.
344 920 624 972 Annonam
644 917 709 965 de
729 933 783 965 re
801 916 1019 981 publica,
1035 910 1689 979 1³⁸&oeme

199 1011 275 1053 ea,
310 1010 437 1059 quae
485 992 699 1042 dicenda
745 992 841 1041 hoc
890 999 1121 1056 tempore
1166 989 1403 1050 arbitror,
1438 1003 1690 1055 exponam

201 1070 337 1118 vobis
355 1071 576 1118 breviter
600 1068 863 1117 consilium
883 1075 939 1117 et
954 1066 1286 1133 profectionis
1308 1070 1367 1116 et
1390 1068 1692 1118 reverdonb

202 1162 356 1194 meae.
430 1145 538 1210 Ego
582 1163 695 1194 cum
742 1160 996 1209 sperarem
1042 1140 1318 1209 aliquando
1352 1138 1418 1192 ad
1465 1146 1691 1197 vestrum

201 1222 460 1270 consilium
485 1226 939 1287 auctoritatemque
976 1236 1084 1269 rem
1120 1218 1378 1285 publicam
1413 1234 1526 1271 ene
1547 1234 1692 1271 revo-

202 1304 380 1356 catam,
422 1298 726 1345 manendum
758 1297 882 1345 mihi
924 1296 1212 1346 statuebam
1250 1298 1394 1362 quani
1432 1297 1487 1345 In
1520 1294 1692 1362 vigili·

201 1374 413 1438 quadam
453 1374 698 1422 consulari
734 1390 794 1422 ac
830 1376 1095 1422 senatoria.
1170 1372 1282 1422 Nec
1323 1387 1445 1423 vero
1477 1388 1690 1440 uuquam

200 1450 517 1498 discedebam
559 1467 653 1498 nec
689 1467 719 1498 a
757 1466 811 1498 re
853 1449 1054 1514 publica
1089 1448 1374 1498 deiciebam
1410 1448 1587 1499 oculo·
1625 1462 1688 1500 ex

201 1542 262 1574 eo
285 1526 385 1585 die,
408 1530 581 1591 quoin
613 1526 790 1575 aedem
820 1526 1038 1575 Telluris
1068 1529 1332 1575 convocati
1367 1538 1555 1576 numus.
1628 1524 1690 1576 In

201 1617 300 1666 quo
340 1602 547 1666 templo,
582 1611 826 1667 quantum
865 1606 917 1651 in
959 1618 1042 1651 me
1075 1602 1192 1662 fult,
1222 1605 1319 1651 ieci
1353 1600 1691 1654 flmdmenu

202 1682 336 1741 pacis
378 1678 867 1744 Atheniensiumque
910 1682 1145 1727 renovavi
1185 1684 1334 1728 vetus
1364 1677 1690 1746 exemplunm

203 1753 451 1802 Graecum
494 1758 645 1802 etiam
691 1756 895 1804 verbum
939 1758 1191 1820 usurpavi,
1228 1770 1333 1822 quo
1370 1760 1484 1806 tum
1518 1758 1573 1805 in
1610 1772 1689 1807 te·

201 1828 378 1877 dandis
411 1830 670 1879 discordiis
704 1848 792 1879 usa
827 1839 936 1880 erat
968 1835 1145 1881 civitas
1169 1830 1272 1891 illa,
1295 1837 1454 1899 atque
1482 1848 1688 1884 omnem

200 1910 491 1953 memoriam
537 1906 892 1955 discordiarum
941 1908 1195 1958 oblivione
1240 1912 1555 1974 sempfterna
1598 1909 1689 1961 de·

154 1988 179 2027 2
203 1981 404 2029 leudam
451 1987 636 2030 censui.
716 1984 968 2032 Praeclara
1003 1992 1114 2034 tum
1161 1988 1324 2034 oratio
1360 1985 1432 2035 Μ.
1477 1986 1690 2049 Antoni,

199 2061 405 2120 egregia
444 2062 597 2105 etiam
640 2059 899 2117 voluntas;
942 2077 1037 2125 pax
1075 2060 1300 2127 denique
1338 2077 1433 2128 per
1472 2078 1591 2112 eum
1632 2070 1689 2114 et

198 2148 290 2196 per
325 2132 508 2182 liberos
546 2138 652 2182 eius
692 2152 805 2183 cum
847 2141 1292 2200 praestantissimis
1337 2138 1533 2189 civibus
1568 2154 1688 2190 eon-

198 2207 392 2256 firmata
415 2216 507 2258 est.

263 2286 436 2348 Atque
471 2285 550 2333 his
587 2290 842 2351 principiis
883 2288 1075 2353 reliqua
1123 2290 1530 2342 consentiebant.
1602 2291 1684 2343 Ad

194 2357 587 2409 deliberationes
611 2378 711 2422 eas,
735 2380 856 2427 quas
872 2362 1098 2414 habebat
1113 2365 1251 2414 domi
1275 2366 1343 2417 de
1375 2383 1432 2418 re
1465 2367 1686 2434 publiea,

193 2438 446 2500 principes
471 2440 688 2486 civitatis
718 2438 1028 2499 adhibebat;
1061 2441 1126 2490 ad
1163 2441 1299 2492 hunc
1334 2442 1568 2495 ordinem
1604 2462 1687 2500 re·

191 2515 407 2575 optimas
431 2512 729 2572 deferebat3
764 2515 890 2563 nihil
914 2522 1043 2577 tum,
1065 2521 1163 2566 nisi
1195 2520 1334 2585 quod
1367 2527 1482 2571 erat
1501 2529 1685 2573 notum

186 2591 1677 2617 ———-———————-—-

597 2636 613 2662 ¹
644 2641 845 2680 &uuna-ria
863 2654 913 2681 or
931 2642 1044 2682 &aaa
1062 2646 1316 2699 (amneety).

187 2707 251 2741 20
