1774 2898
199 598 267 646 M.
316 596 528 646 TULLI
578 592 948 643 CICERONIS
999 591 1071 639 IN
1124 589 1195 639 M.
1246 584 1633 639 ANTONIUM

407 684 674 734 ORATIO
728 680 1129 730 ΡΗΙΗΡΡΙΟΑ
1176 677 1437 728 'rssn‘rla

125 817 144 857 1
242 813 281 858 1.
318 809 487 857 Serius
518 811 742 865 omnino,
767 812 936 870 patres
968 805 1263 867 conscripti,
1285 817 1439 869 quam
1470 807 1678 867 templu

175 895 246 939 rei
282 890 513 955 publicae
551 887 855 953 postulabat,
890 884 1165 951 aliquando
1199 891 1376 934 tamen
1410 885 1675 934 conventi

176 990 363 1031 sumus,
386 971 519 1036 quod
546 970 830 1032 flagitabam
856 967 1094 1034 equidem
1118 966 1327 1026 cotidie,
1348 969 1677 1033 quippenam

178 1054 366 1102 bellum
400 1053 646 1101 nefarium
680 1059 855 1099 contra
886 1066 996 1098 arae
1032 1055 1088 1099 et
1122 1048 1279 1108 focos,
1308 1053 1489 1098 contra
1518 1050 1676 1099 vit-m

179 1136 506 1199 fortunasque
532 1141 727 1182 nostras
750 1133 815 1180 ab
849 1132 1053 1181 homine
1087 1130 1355 1196 profligato
1385 1146 1445 1180 ιο
1476 1128 1681 1197 perdito

179 1234 280 1265 non
312 1220 586 1280 conparari,
614 1215 703 1264 sed
736 1218 844 1278 geri
878 1219 975 1262 iam
1011 1213 1250 1262 viderem.
1326 1212 1680 1279 Expeehntnr

184 1299 441 1347 Kalendae
483 1298 772 1354 lanuariae;
820 1314 945 1363 quas
980 1313 1082 1345 non
1119 1301 1364 1362 expectat
1406 1294 1681 1356 Antonino,

179 1385 263 1445 qui
290 1384 342 1428 in
367 1384 672 1445 provinciam
699 1379 762 1427 Ι).
800 1379 960 1437 Bruti,
984 1381 1168 1427 summi
1193 1384 1250 1427 et
1273 1376 1545 1444 singularia
1568 1378 1679 1437 viri,

181 1479 294 1510 cum
335 1466 560 1511 exercitu
603 1466 851 1525 impetum
894 1460 1062 1510 facere
1098 1466 1343 1524 conatum
1387 1475 1454 1510 ex
1487 1475 1591 1527 qua
1623 1474 1680 1510 σο

182 1547 483 1592 instructum
530 1550 586 1591 et
631 1551 860 1608 paratum
907 1542 971 1591 ad
1022 1543 1199 1591 urbem
1247 1548 1524 1592 venturum
1569 1556 1683 1592 enne

129 1632 156 1673 2
189 1629 461 1674 minitatur.
536 1625 680 1684 Quae
706 1633 786 1674 est
818 1629 974 1688 igitur
999 1628 1293 1690 expectatio
1315 1630 1407 1674 aut
1435 1639 1569 1691 quae
1600 1622 1684 1674 vel

183 1711 375 1755 minimi
409 1707 585 1755 dilatio
617 1709 895 1771 temporis?
967 1706 1290 1773 Quamquam
1324 1709 1463 1756 enim
1494 1704 1687 1756 adeunt

188 1789 446 1837 Kalendae
473 1789 750 1848 Ianuariae,
770 1796 941 1837 tamen
969 1790 1121 1837 breve
1141 1796 1347 1854 tempus
1370 1786 1584 1854 longum
1602 1793 1686 1839 ut

183 1874 456 1934 inparatis;
507 1871 616 1918 dies
663 1875 799 1919 enim
847 1870 1017 1919 adfert
1060 1870 1139 1919 vel
1187 1870 1312 1919 hora
1358 1873 1548 1936 potina,
1588 1873 1685 1920 nisi

184 1956 433 2015 provisum
470 1959 565 2011 est,
600 1970 808 2016 magnas
850 1970 1002 2017 saepe
1044 1952 1247 2011 cladem
1294 1958 1468 2003 certus
1506 1958 1681 2003 autem

182 2033 291 2081 dies
326 2050 427 2081 non
464 2041 522 2082 ut
561 2034 829 2094 sacrificiis,
863 2039 935 2082 sic
970 2035 1191 2083 consiliis
1233 2037 1496 2100 expectari
1535 2033 1685 2087 tolet.

184 2115 375 2174 Quodsi
399 2122 488 2163 aut
524 2115 783 2165 Kalendae
821 2117 1079 2165 Ianuariae
1112 2116 1331 2166 fuissent
1360 2131 1425 2167 eo
1454 2115 1560 2178 die,
1581 2132 1687 2184 qno

184 2201 399 2259 primum
425 2214 487 2245 ex
514 2198 637 2246 urbe
670 2198 804 2261 fugit
839 2199 1109 2259 Antonius,
1132 2205 1223 2248 aut
1254 2214 1347 2248 eae
1378 2214 1483 2249 non
1506 2204 1684 2249 ment

181 2285 499 2341 expectatae,
523 2279 714 2327 bellum
739 2284 837 2327 iam
867 2280 1063 2329 nullum
1098 2280 1415 2331 haberemus.
1489 2280 1682 2331 Aucto-

182 2363 332 2407 ritate
352 2364 486 2408 enim
508 2368 713 2409 senatus
731 2378 1081 2428 consensuque
1101 2362 1276 2427 populi
1304 2362 1515 2412 Romani
1535 2361 1684 2412 facile

180 2439 397 2506 hominis
428 2446 645 2491 amentis
668 2442 994 2507 fregissemus
1026 2444 1307 2496 audaciam.
1378 2442 1533 2506 Quod
1561 2459 1683 2493 con·

179 2521 280 2569 fido
319 2523 557 2587 equidem
600 2525 832 2573 consules
874 2525 1184 2590 designatos,
1222 2525 1373 2575 simul
1417 2531 1476 2575 ut
1521 2529 1682 2590 magl-

178 2609 395 2652 stratum
435 2608 660 2664 inierint,
696 2622 807 2655 esse
848 2607 1101 2664 facturos;
1148 2614 1270 2656 sunt
1310 2611 1449 2657 enim
1484 2611 1683 2674 optimo

182 2715 277 2762 ¹90
