1774 2898
420 210 701 260 MARCUS
747 207 1054 259 TULLIUS
1101 205 1356 258 CICERO

151 347 398 407 impetum
423 341 672 390 fecerunt.
742 339 894 399 Quod
923 355 1038 387 cum
1063 341 1228 403 ipsum
1250 335 1446 388 factum
1466 350 1564 405 pu·
1588 352 1647 389 σο

151 424 460 488 praeclarum
516 428 596 470 est
651 428 806 487 atque
874 421 1119 479 divinum,
1177 426 1288 469 tum
1357 422 1648 487 etpudm

151 505 213 552 ad
235 504 533 552 imitandum
570 509 665 561 est,
701 506 998 567 praesertim
1024 518 1139 551 cum
1176 501 1249 551 illl
1286 517 1401 552 enm
1434 499 1648 571 ‘ludam

154 591 409 637 consecuti
444 591 565 648 sint,
599 603 728 652 quae
766 590 846 635 vix
893 585 1037 636 caelo
1071 589 1181 651 capi
1218 601 1365 651 pone
1401 583 1648 640 videam.

155 670 260 719 Etsi
296 674 432 718 enim
456 673 577 717 satis
612 673 665 717 in
701 672 808 733 ipsa
831 672 1142 717 conscientia
1166 667 1495 733 pulcherrimi
1526 666 1651 719 fieti

154 752 343 800 fructus
397 758 523 809 erat,
572 758 745 799 tamen
804 750 1005 799 mortali
1053 750 1494 801 immortalitatem
1542 760 1651 803 m

154 835 366 882 arbitror
390 849 500 881 esse
524 832 968 881 contemnendam.

50 923 126 962 115
219 915 372 963 XLV.
415 914 694 963 Recordare
736 918 892 979 igitur
932 914 1091 973 illum,
1129 914 1199 967 Μ.
1245 916 1460 979 Antoni,
1496 913 1655 983 diem,

154 1013 253 1062 quo
270 997 571 1045 dictaturam
591 996 839 1046 sustulisti
857 1015 871 1058 ;
904 998 1039 1063 'pone
1062 1004 1184 1048 ante
1207 997 1382 1049 oculo·
1402 996 1654 1052 laeuum

155 1086 360 1127 senatus
394 1079 665 1143 populique
705 1079 930 1138 Romani,
960 1080 1137 1129 confer
1169 1096 1287 1130 eum
1318 1079 1416 1131 lue
1445 1082 1654 1132 {mmm

157 1160 554 1209 nundinatione¹
584 1167 672 1209 tua
697 1167 1030 1227 tuorumque3
1054 1169 1164 1210 tum
1186 1160 1481 1228 intelleget,
1495 1177 1656 1230 quou-

158 1248 264 1289 tum
285 1245 419 1290 inter
438 1242 629 1290 lucrum
650 1249 705 1291 et
719 1242 920 1292 laudem
942 1247 1157 1293 intersit.
1207 1243 1311 1298 Sed
1328 1245 1585 1307 nimirum,
1599 1237 1661 1311 q't

159 1322 361 1388 quidam
397 1324 572 1372 morbo
605 1323 774 1390 aliquo
809 1332 863 1374 et
898 1343 1075 1375 sensus
1110 1333 1318 1392 stupore
1351 1330 1658 1396 suavitatem

160 1406 256 1452 cibi
277 1422 377 1453 non
396 1409 643 1466 sentiunt,
661 1410 732 1455 sic
756 1406 1029 1468 libidinosi,
1045 1413 1199 1469 avari,
1224 1408 1491 1461 facinere-¹
1509 1424 1660 1469 vene

162 1486 321 1535 laudis
344 1494 604 1550 gustatum
630 1505 731 1536 non
758 1488 964 1539 habent.
1037 1490 1141 1540 Sed
1166 1495 1207 1540 si
1234 1498 1292 1542 te
1322 1491 1432 1542 lam
1451 1490 1661 1543 ameum

160 1568 225 1615 ad
257 1575 396 1617 recte
429 1569 715 1618 faciendum
750 1588 851 1619 non
886 1579 1072 1635 potest,
1105 1590 1172 1622 ne
1204 1580 1375 1623 metu·
1397 1572 1662 1641 quidem!

164 1649 462 1698 foedissimis
481 1650 626 1699 factis
645 1659 815 1716 potest
833 1656 1077 1703 avocare?
1124 1654 1316 1705 Iudicia
1333 1670 1438 1707 non
1456 1657 1658 1711 maula

164 1730 217 1779 Si
249 1738 457 1796 propter
488 1735 850 1795 innocentiam,
874 1735 1043 1797 laudo,
1066 1740 1144 1787 sin
1178 1744 1391 1804 propter
1413 1741 1534 1802 vin,
1556 1753 1662 1803 non

167 1812 439 1876 intellegis,
462 1817 549 1879 qui
574 1818 671 1863 isto
696 1816 846 1865 modo
874 1817 1056 1867 iudicia
1088 1836 1193 1869 non
1225 1824 1426 1883 timent,
1456 1824 1508 1873 ei
1535 1819 1663 1888 quid

55 1900 137 1940 116
163 1895 446 1942 timendum
494 1898 593 1944 sit?
666 1896 859 1956 Quodsi
918 1917 1020 1948 non
1079 1906 1269 1951 metuis
1318 1906 1454 1954 viro·
1502 1902 1665 1954 foetoe

165 1980 496 2041 egregiosque
537 1982 686 2037 cives,
723 1980 856 2044 quod
892 1999 922 2029 a
957 1999 1165 2047 corpore
1201 1991 1294 2034 tuo
1326 1983 1666 2051 prohibentur

163 2061 329 2116 armis,
354 2062 429 2106 tui
461 2066 532 2117 te,
558 2059 681 2107 mihi
707 2062 871 2120 crede,
900 2063 1093 2114 diutius
1119 2082 1223 2115 non
1257 2066 1444 2118 ferent.
1514 2056 1663 2130 Qut&

165 2145 245 2186 est
279 2146 451 2187 autem
487 2145 590 2188 vita
625 2141 735 2190 dies
780 2151 835 2192 et
870 2153 1047 2195 noctes
1082 2151 1266 2198 timere
1303 2167 1334 2198 a
1373 2148 1515 2200 suis?
1565 2152 1663 2210 nbi

165 2237 283 2268 vero
313 2228 402 2268 aut
431 2224 701 2272 maioribus
735 2224 890 2274 habes
923 2228 1183 2279 beneficiis
1213 2231 1484 2296 obligatae,
1502 2247 1662 2298 ‘quam

163 2301 249 2349 ille
281 2303 524 2366 quosdam
557 2304 736 2354 habuit
768 2323 830 2355 ex
863 2311 941 2367 iis,
963 2327 993 2356 a
1016 2313 1199 2375 quibus
1227 2320 1309 2363 est
1339 2312 1663 2374 interfectus,

162 2389 252 2430 aut
283 2390 339 2431 tu
373 2401 428 2432 es
462 2384 563 2432 ulla
585 2402 640 2434 re
665 2403 779 2435 cum
801 2405 863 2437 eo
886 2394 1268 2455 comparandus.
1343 2394 1464 2445 Fuit
1491 2398 1547 2445 in
1572 2394 1664 2446 illo

159 2465 440 2528 ingenium,
477 2470 622 2525 ratio,
662 2474 920 2531 memoria,
960 2472 1181 2535 litterae,
1223 2492 1359 2537 cura,
1399 2479 1661 2542 cogitatio,

479 2581 495 2606 ¹
526 2584 632 2622 Cum
650 2584 727 2624 hac
745 2588 986 2629 immanum
1006 2590 1160 2631 latiora
1179 2591 1339 2644 (vam).

162 2658 255 2720 178
